%input{../biblib/AWG}
%input{AWG}
%input{MGVI}
include{../biblib/AWG}
include{../biblib/MGVI}
