%%%%%%%%%%%%%%%%%%%%%%%
%% Silicon Photonics %%
%% &SOI Fabrications %%
%%%%%%%%%%%%%%%%%%%%%%%

@ARTICLE{JSTQE98Nov899Krishnamoorthy,
  AUTHOR =       "Ashok V. Krishnamoorthy and Keith W. Goossen",
  TITLE =        "Optoelectronic-{VLSI}: Photonics Integrated with {VLSI} Circuits",
  JOURNAL =      IEEE_J_JSTQE,
  YEAR =         "1998",
  volume =       "4",
  number =       "6",
  pages =        "899-912",
  month =        nov # "/" # dec,
};

@ARTICLE{JSTQE98Nov938Jalali,
  AUTHOR =       "Bahram Jalali and S. Yegnanarayanan and T. Yoon and T. Yoshimoto and I. Rendina and F. Coppinger",
  TITLE =        "Advances in Silicon-on-Insulator Optoelectronics (invited paper)",
  JOURNAL =      IEEE_J_JSTQE,
  YEAR =         "1998",
  volume =       "4",
  number =       "6",
  pages =        "938-947",
  month =        nov # "/" # dec,
};

@ARTICLE{Nature04Feb595Reed,
  AUTHOR =       "Graham T. Reed",
  TITLE =        "The optical age of silicon",
  JOURNAL =      "Nature",
  YEAR =         "2004",
  volume =       "427",
  number =       " ",
  pages =        "595-596",
  month =        feb # " 12,",
  source =       "www.nature.com/nature",
};

@ARTICLE{Nature04Feb615Liu,
  AUTHOR =       "Ansheng Liu and Richard Jones and Ling Liao and Dean Samara-Rubio and
                  Doron Rubin and Oded Cohen and Remus Nicolaescu and Mario Paniccia",
  TITLE =        "A high-speed silicon optical modulator based on a metal-oxide-semiconductor capacitor",
  JOURNAL =      "Nature",
  YEAR =         "2004",
  volume =       "427",
  number =       " ",
  pages =        "615-618",
  month =        feb # " 12,",
  source =       "www.nature.com/nature",
};

@ARTICLE{ITJ04May143Salib,
  AUTHOR =       "Mike Salib and Ling Liao and Richard Jones and Mike Morse and Ansheng Liu
                  and Dean Samara-Rubio and Drew Alduino and Mario Paniccia",
  TITLE =        "Silicon Photonics",
  JOURNAL =      "Intel$^{\tiny \textregistered}$ Technology Journal",
  YEAR =         "2004",
  volume =       "08",
  number =       "02",
  pages =        "142-160",
  month =        may # " 10,",
  keywords =     "silicon, photonics, optics, modulator",
  source =       "http://developer.intel.com/technology/itj/index.htm",
};

@ARTICLE{JLT05Jan401Bogaerts,
  AUTHOR =       "Wim Bogaerts and Roel Baets and Pieter Dumon and Vincent Wiaux and Stephan Beckx
                  and Dirk Taillaert and Bert Luyssaert and Joris Van Campenhout and Peter Bienstman
                  and Dries Van Thourhout",
  TITLE =        "Nanophotonic Waveguides in Silicon-on-Insulator Fabricated With {CMOS} Technology",
  JOURNAL =      IEEE_J_JLT,
  YEAR =         "2005",
  volume =       "23",
  number =       "1",
  pages =        "401-412",
  month =        jan,
};

@ARTICLE{SemiIntl04Jan74Auberton,
  AUTHOR =       "Andre-Jacques Auberton-Herve",
  TITLE =        "In Just 20 Years: An {SOI} Journey",
  JOURNAL =      "Semiconductor International",
  YEAR =         "2004",
  volume =       "27",
  number =       "1",
  pages =        "74-75",
  month =        jan,
};

@ARTICLE{JPCM03R1169Pavesi,
  AUTHOR =       "L. Pavesi",
  TITLE =        "Will silicon be the photonic material of the third millenium?",
  JOURNAL =      "Journal of Physics: Condensed Matter",
  YEAR =         "2003",
  volume =       "15",
  number =       " ",
  pages =        "R1169-1196",
  month =        jul # " 9, ",
};

@ARTICLE{ProcIEEE93Dec1687Soref,
  AUTHOR =       "Richard A. Soref",
  TITLE =        "Silicon-Based Optoelectronics (invited paper)",
  JOURNAL =      "Proceedings of the IEEE",
  YEAR =         "1993",
  volume =       "81",
  number =       "12",
  pages =        "1687-1706",
  month =        dec,
};

@ARTICLE{PTL91Jan22Soref,
  AUTHOR =       "Richard A. Soref and E. Cortesi and F. Namavar and L. Friedman",
  TITLE =        "Vetically Integrated Silicon-on-Insulator Waveguides",
  JOURNAL =      IEEE_J_PTL,
  YEAR =         "1991",
  volume =       "3",
  number =       "1",
  pages =        "22-24",
  month =        jan,
};

@ARTICLE{JQE87Jan123Soref,
  AUTHOR =       "Richard A. Soref and Brian R. Bennett",
  TITLE =        "Electrooptical Effects in Silicon",
  JOURNAL =      IEEE_J_JQE,
  YEAR =         "1987",
  volume =       "QE-23",
  number =       "1",
  pages =        "123-129",
  month =        jan,
};

@ARTICLE{JAP90Nov4964Giguere,
  AUTHOR =       "Stephen R. Giguere and Lionei Friedman and Richard A. Soref and Joseph P. Lorenzo",
  TITLE =        "Simulation of silicon electo-optic waveguide devices",
  JOURNAL =      "J. Appl. Phys.",
  YEAR =         "1990",
  volume =       "68",
  number =       "10",
  pages =        "4964-4970",
  month =        nov # " 15,",
};

@ARTICLE{JAP91Sep3355Pirnat,
  AUTHOR =       "Thomas Pirnat and Lionel Friedman and Richard A. Soref",
  TITLE =        "Electro-optic mode-displacement silicon light modulator",
  JOURNAL =      "J. Appl. Phys.",
  YEAR =         "1991",
  volume =       "70",
  number =       "6",
  pages =        "3355-3359",
  month =        sep,
  day =          "15",
};

@ARTICLE{EL95Jul1201Bruel,
  AUTHOR =       "M. Bruel",
  TITLE =        "Silicon on insulator material technology",
  JOURNAL =      "IEE Electron. Lett.",
  YEAR =         "1995",
  volume =       "31",
  number =       "13",
  pages =        "1201-1202",
  month =        jul,
};

@ARTICLE{EL98Jun1265Hobart,
  AUTHOR =       "K. D. Hobart and F. J. Kub and G. G. Jernigan and M. E. Twigg and P. E. Thompson",
  TITLE =        "Fabrication of {SOI} substrates with ultra-thin {Si} layers",
  JOURNAL =      "IEE Electron. Lett.",
  YEAR =         "1998",
  volume =       "34",
  number =       "12",
  pages =        "1265-1266",
  month =        jun,
};

@ARTICLE{PTL97Apr473Zhao,
  AUTHOR =       "C. Z. Zhao and E. K. Liu and G. Z. Li and N. Li and L. Guo",
  TITLE =        "Silicon Raised Strip Waveguides Based on Silicon and Silicon Dioxide Thermal Bonding",
  JOURNAL =      IEEE_J_PTL,
  YEAR =         "1997",
  volume =       "9",
  number =       "4",
  pages =        "473-475",
  month =        apr,
};

@ARTICLE{PTL91Apr289Choi,
  AUTHOR =       "H. K. Choi and C. A. Wang and N. H. Karam",
  TITLE =        "Room-Temperature {CW} operation of {GaAs-AlGaAs} Diode Lasers on Silicon-on-Insulator Wafers",
  JOURNAL =      IEEE_J_PTL,
  YEAR =         "1991",
  volume =       "3",
  number =       "4",
  pages =        "289-291",
  month =        apr,
};

%%%%%%%%%%%%%%%%%%%%%%%%%%%
%% Single-Mode Condition %%
%% & Loss Properties %%%%%%
%%%%%%%%%%%%%%%%%%%%%%%%%%%

@ARTICLE{JQE91Aug1971Soref,
  AUTHOR =       "Richard A. Soref and Joachim Schmidtchen and Klaus Petermann",
  TITLE =        "Large Single-Mode Rib Waveguides in {GeSi-Si} and {Si-on-SiO{$_{2}$}}",
  JOURNAL =      IEEE_J_JQE,
  YEAR =         "1991",
  volume =       "27",
  number =       "8",
  pages =        "1971-1974",
  month =        aug,
};

@ARTICLE{JLT98Oct1851Pogossian,
  AUTHOR =       "Souren P. Pogossian and Lili Vescan and Adrian Vonsovici",
  TITLE =        "The Single-Mode Condition for Semiconductor Rib Waveguides with Large Cross Section",
  JOURNAL =      IEEE_J_JLT,
  YEAR =         "1998",
  volume =       "16",
  number =       "10",
  pages =        "1851-1853",
  month =        oct,
};

@ARTICLE{JLT02Oct1851Powell,
  AUTHOR =       "Olly Powell",
  TITLE =        "Single-mode condition for silicon rib waveguides",
  JOURNAL =      IEEE_J_JLT,
  YEAR =         "2002",
  volume =       "20",
  number =       "10",
  pages =        "1851-1855",
  month =        oct,
};

@ARTICLE{JLT03Mar868Powell,
  AUTHOR =       "Olly Powell",
  TITLE =        "Erratum to `{S}ingle-mode condition for silicon rib waveguides'",
  JOURNAL =      IEEE_J_JLT,
  YEAR =         "2003",
  volume =       "21",
  number =       "3",
  pages =        "868",
  month =        mar,
};

@ARTICLE{OC04Feb253Xia,
  AUTHOR =       "Jinsong Xia and Jinzhong Yu",
  TITLE =        "Single-mode condition for silicon rib waveguides with trapezoidal cross-section",
  JOURNAL =      "Optics Communications",
  YEAR =         "2004",
  volume =       "230",
  number =       "4-6",
  pages =        "253-257",
  month =        feb,
};

@ARTICLE{JLT04Aug1923Lousteau,
  AUTHOR =       "J. Lousteau and D. Furniss and A. B. Seddon and T. M. Benson and A. Vukovic and P. Sewell",
  TITLE =        "The Single-Mode Condition for Silicon-on-Insulator Optical Rib Waveguides With Large Cross Section",
  JOURNAL =      IEEE_J_JLT,
  YEAR =         "2004",
  volume =       "22",
  number =       "8",
  pages =        "1923-1929",
  month =        aug,
};

@ARTICLE{JLT05Jun2103Chan,
  AUTHOR =       "Seong Phun Chan and Ching Eng Png and Soon Thor Lim and Graham T. Reed and Vittorio M. N. Passaro",
  TITLE =        "Single-Mode and Polarization-Independent Silicon-on-Insulator Waveguides With Small Cross Section",
  JOURNAL =      IEEE_J_JLT,
  YEAR =         "2005",
  volume =       "23",
  number =       "6",
  pages =        "2103-2110",
  month =        jun,
};

@ARTICLE{PTL92Jun633Rickman,
  AUTHOR =       "A. Rickman and Graham T. Reed and B. L. Weiss and F. Namavar",
  TITLE =        "Low-loss planar optical waveguides fabricated in {SIMOX} material",
  JOURNAL =      IEEE_J_PTL,
  YEAR =         "1992",
  volume =       "4",
  number =       "6",
  pages =        "633-635",
  month =        jun,
};

@ARTICLE{JLT94Oct1771Rickman,
  AUTHOR =       "A. G. Rickman and Graham T. Reed and Fereydoon Namavar",
  TITLE =        "Silicon-on-Insulator Optical Rib Waveguide Loss and Mode Characteristics",
  JOURNAL =      IEEE_J_JLT,
  YEAR =         "1994",
  volume =       "12",
  number =       "10",
  pages =        "1771-1776",
  month =        oct,
};

@ARTICLE{POE94Dec391Rickman,
  AUTHOR =       "A. G. Rickman and Graham T. Reed",
  TITLE =        "Silicon-on-insulator optical rib waveguides: loss, mode characteristics, bends and y-junctions",
  JOURNAL =      "IEE Proc.-Optoelectron.",
  YEAR =         "1994",
  volume =       "141",
  number =       "6",
  pages =        "391-393",
  month =        dec,
};

@ARTICLE{JLT94Aug1394Tang,
  AUTHOR =       "C. K. Tang and Graham T. Reed and A. J. Walton and A.G.Rickman",
  TITLE =        "Low-loss, Single-mode, Optical Phase Modulator in {SIMOX} Material",
  JOURNAL =      IEEE_J_JLT,
  YEAR =         "1994",
  volume =       "12",
  number =       "8",
  pages =        "1394-1400",
  month =        aug,
};

@ARTICLE{EL99Jun977Ang,
  AUTHOR =       "T. W. Ang and Graham T. Reed and Adrian Vonsovici and A. G. R. Evans and P. R. Routley and M. R. Joesy",
  TITLE =        "0.15{dB}/cm loss in unibond {SOI} waveguides",
  JOURNAL =      "IEE Electron. Lett.",
  YEAR =         "1999",
  volume =       "35",
  number =       "12",
  pages =        "977-978",
  month =        jun,
};

@ARTICLE{EL94Mar406Fischer,
  AUTHOR =       "U. Fischer and T. Zinke and B. Schuppert and K. Petermann",
  TITLE =        "Singlemode optical switches based on {SOI} waveguides with large cross-section",
  JOURNAL =      "IEE Electron. Lett.",
  YEAR =         "1994",
  volume =       "30",
  number =       "5",
  pages =        "406-408",
  month =        mar,
};

@ARTICLE{PTL96May647Fischer,
  AUTHOR =       "U. Fischer and T. Zinke and J.-R. Kropp and F. Amdi and L. Petermann",
  TITLE =        "0.1{dB}/cm waveguide losses in single-mode {SOI} rib waveguides",
  JOURNAL =      IEEE_J_PTL,
  YEAR =         "1996",
  volume =       "8",
  number =       "5",
  pages =        "647-648",
  month =        may,
};

@ARTICLE{EL91Aug1487Schmidtchen,
  AUTHOR =       "J. Schmidtchen and A. Splett and B. Schoppert and K. Petermann",
  TITLE =        "Low Loss Singlemode Optical Waveguides with Large Cross-Section in Silcion-on-Insulator",
  JOURNAL =      "IEE Electron. Lett.",
  YEAR =         "1991",
  volume =       "27",
  number =       "16",
  pages =        "1486-1488",
  month =        aug,
};

@ARTICLE{EL93Nov2031Zinke,
  AUTHOR =       "T. Zinke and U. Fischer and A. Splett and B. Schuppert and K. Petermann",
  TITLE =        "Comparision of Optical Waveguide losses in Silicon-on-Insulator",
  JOURNAL =      "IEE Electron. Lett.",
  YEAR =         "1993",
  volume =       "29",
  number =       "23",
  pages =        "2031-2033",
  month =        nov,
};

%%%%%%%%%%%%%%%%%%%%%%%
%% SOI Applications %%%
%%%%%%%%%%%%%%%%%%%%%%%

@ARTICLE{EL95Nov2097Trinh,
  AUTHOR =       "P. D. Trinh and S. Yegnanarayanan and Bahram Jalali",
  TITLE =        "Integrated optical directional couplers in silicon-on-insulator",
  JOURNAL =      "IEE Electron. Lett.",
  YEAR =         "1995",
  volume =       "31",
  number =       "24",
  pages =        "2097-2098",
  month =        nov,
};

@ARTICLE{JLT00Mar443Hewitt,
  AUTHOR =       "P. D. Hewitt and Graham T. Reed",
  TITLE =        "Improving the Response of Optical Phase Modulators in {SOI} by Computer Simulation",
  JOURNAL =      IEEE_J_JLT,
  YEAR =         "2000",
  volume =       "18",
  number =       "3",
  pages =        "443-450",
  month =        mar,
};

@ARTICLE{JLT01Dec1938Murphy,
  AUTHOR =       "Thomas Edward Murphy and Jeffrey Todd Hastings and Henry I. Smith",
  TITLE =        "Fabrication and Characterization of Narrow-Band Bragg-Reflection Filters in Silicon-on-Insulator Ridge Waveguides",
  JOURNAL =      IEEE_J_JLT,
  YEAR =         "2001",
  volume =       "19",
  number =       "12",
  pages =        "1938-1942",
  month =        dec,
};

@ARTICLE{JSTQE99Sep1249Rosa,
  AUTHOR =       "Michel A. Rosa and Nam Q. Ngo and Denis Sweatman and Sima Dimitrijev and H. Barry Harrison",
  TITLE =        "Self-Alignment of Optical Fibers with Optical Quality End-Polished Silicon Rib Waveguides Using Wet Chemical Micromachining Techniques",
  JOURNAL =      IEEE_J_JSTQE,
  YEAR =         "1999",
  volume =       "5",
  number =       "5",
  pages =        sep # "/" # oct,
};

@ARTICLE{APL91May771Treyz,
  AUTHOR =       "G. V. Treyz and P. G. May and Jean-Marc Halbout",
  TITLE =        "Silicon {Mach-Zehnder} waveguide interferometers based on the plasma dispersion effect",
  JOURNAL =      "Appl. Phys. Lett.",
  YEAR =         "1991",
  volume =       "59",
  number =       "7",
  pages =        "771-773",
  month =        aug,
  day =          "12",
};

@ARTICLE{EL91Jan118Treyz,
  AUTHOR =       "G. V. Treyz",
  TITLE =        "Silicon Mach-Zehnder Waveguide Interferometers Operating at 1.3 {$\mu$}m",
  JOURNAL =      "IEE Electron. Lett.",
  YEAR =         "1991",
  volume =       "27",
  number =       "2",
  pages =        "118-120",
  month =        jan,
};

@ARTICLE{APL95Oct2448Zhao,
  AUTHOR =       "C. Z. Zhao and G. Z. Li and E. K. Liu and Y. Gao and X. D. Liu",
  TITLE =        "Silicon on insulator {Mach-Zehnder} waveguide interferometers operating at 1.3 {$\mu$}m",
  JOURNAL =      "Appl. Phys. Lett.",
  YEAR =         "1995",
  volume =       "67",
  number =       "17",
  pages =        "2448-2449",
  month =        oct,
  day =          "23",
};

@ARTICLE{PTL00Jun660Dainesi,
  AUTHOR =       "P. Dainesi and A. K{\"{u}}ng and M. Chabloz and A. Lagos and Ph. Fl{\"{u}}ckiger and A. Ionescu and P. Fazan and M. Declerq and Ph. Renaud and Ph. Robert",
  TITLE =        "{CMOS} Compatible Fully Integrated Mach-Zehnder Interferometer in {SOI} Technology",
  JOURNAL =      IEEE_J_PTL,
  YEAR =         "2000",
  volume =       "12",
  number =       "6",
  pages =        "660-662",
  month =        jun,
};

@ARTICLE{PTL01May466Wei,
  AUTHOR =       "Hongzhen Wei and Jinzhong Yu and Zhongli Liu and Xiaofeng Zhang and Wei Shi and Changshui Fang",
  TITLE =        "Fabrication of 4 {$\times$} 4 Tapered {MMI} Coupler with Large Cross Section",
  JOURNAL =      IEEE_J_PTL,
  YEAR =         "2001",
  volume =       "13",
  number =       "5",
  pages =        "466-468",
  month =        may,
};

@ARTICLE{PTL00Aug1046Li,
  AUTHOR =       "R. Li and J. D. Schaub and S. M. Csutak and J. C. Campbell",
  TITLE =        "A High-Speed Monolithic Silicon Photoreceiver Fabricated on {SOI}",
  JOURNAL =      IEEE_J_PTL,
  YEAR =         "2000",
  volume =       "12",
  number =       "8",
  pages =        "1046-1048",
  month =        aug,
};

@ARTICLE{JSTQE02Jan148Noell,
  AUTHOR =       "Wilfried Noell and Pierre-Andr{\'{e}} Clerc and Laurent Dellmann and Benedikt Guldimann and Hans-Peter Herzig
                  and Omar Manzardo and Cornel Roman Marxer and Kenneth J. Weible and Ren{\'{e}} D{\"{a}}dliker and Nicolaas de Rooij",
  TITLE =        "Applications of {SOI}-Based Optical {MEMS}",
  JOURNAL =      IEEE_J_JSTQE,
  YEAR =         "2002",
  volume =       "8",
  number =       "1",
  pages =        "148-154",
  month =        jan # "/" # feb,
};

@ARTICLE{EL02Feb177Bakke,
  AUTHOR =       "T. Bakke and C. P. Tigges and C. T. Sullivan",
  TITLE =        "1{$\times$}2 {MOEMS} switch based silicon-on-insulater and polymeric waveguides",
  JOURNAL =      "IEE Electron. Lett.",
  YEAR =         "2002",
  volume =       "38",
  number =       "4",
  pages =        "177-178",
  month =        feb,
  day =          "14",
};

@ARTICLE{EL95Mar451Tang,
  AUTHOR =       "C. K. Tang and Graham T. Reed",
  TITLE =        "Highly efficient optical modulator in {SOI} waveguides",
  JOURNAL =      "IEE Electron. Lett.",
  YEAR =         "1995",
  volume =       "31",
  number =       "6",
  pages =        "451-452",
  month =        mar,
};

@ARTICLE{PTL02Jan68Tang,
  AUTHOR =       "Y. Z. Tang and W. H. Wang and T. Li and Y. L. Wang",
  TITLE =        "Integrated Waveguide Turning Mirror in Silicon-on-Insulator",
  JOURNAL =      IEEE_J_PTL,
  YEAR =         "2002",
  volume =       "14",
  number =       "1",
  pages =        "68-70",
  month =        jan,
};

@ARTICLE{POE96Oct312Tang,
  AUTHOR =       "C. K. Tang and A.K. Kewell and G.T. Reed and A.G. Rickman and F. Namavar",
  TITLE =        "Development of a library of low-loss insulator optoelectronic devices",
  JOURNAL =      "IEE Proc.-Optoelectron.",
  YEAR =         "1996",
  volume =       "143",
  number =       "5",
  pages =        "312-315",
  month =        oct,
};

@ARTICLE{PTL00Jan59Ang,
  AUTHOR =       "T. W. Ang and Graham T. Reed and Adrian Vonsovici and A. G. R. Evans and P. R. Routley and M. R. Josey",
  TITLE =        "Effects of Grating Heights on Highly Efficient Unibond {SOI} Waveguide Grating Couplers",
  JOURNAL =      IEEE_J_PTL,
  YEAR =         "2000",
  volume =       "12",
  number =       "1",
  pages =        "59-61",
  month =        jan,
};

@ARTICLE{JLT04Jun1573Png,
  AUTHOR =       "Ching Eng Png and Seong Phun Chan and Soon Thor Lim and Graham T. Reed",
  TITLE =        "Optical Phase Modulators for {MHz} and {GHz} Modulation in Silicon-On-Insulator ({SOI})",
  JOURNAL =      IEEE_J_JLT,
  YEAR =         "2004",
  volume =       "22",
  number =       "6",
  pages =        "1573-1582",
  month =        jun,
};

@ARTICLE{JLT97Nov2124Vonsovici,
  AUTHOR =       "Adrian Vonsovici and Regis Orobtchouk and Alain Koster",
  TITLE =        "Numerical Simulation of a Silicon-on-Insulator Waveguide {F}abry-{P}erot Interferometer for Intensity Light Modulators at 1.3 {$\mu$}m",
  JOURNAL =      IEEE_J_JLT,
  YEAR =         "1997",
  volume =       "15",
  number =       "11",
  pages =        "2124-2129",
  month =        nov,
};

@ARTICLE{JLT99Jan129Vonsovici,
  AUTHOR =       "Adrian Vonsovici and Alain Koster",
  TITLE =        "Numerical Simulation of a Silicon-on-Insulator Waveguide Structure for Phase Modulation at 1.3 {$\mu$}m",
  JOURNAL =      IEEE_J_JLT,
  YEAR =         "1999",
  volume =       "17",
  number =       "1",
  pages =        "129-135",
  month =        jan,
};

@ARTICLE{JSTQE98Nov953Huynen,
  AUTHOR =       "Isabelle Huynen and Alberto Salamone and Marc Serres",
  TITLE =        "A Traveling-Wave Model for Optimizing the Bandwidth of p-i-n Photodetectors in Silicon-On-Insulator Technology",
  JOURNAL =      IEEE_J_JSTQE,
  YEAR =         "1998",
  volume =       "4",
  number =       "6",
  pages =        "953-963",
  month =        nov # "/" # dec,
};

@ARTICLE{PTL02Apr519Emsley,
  AUTHOR =       "Matthew K. Emsley and Olufemi Dosunmu and M. Selim {\"{U}}nl{\"{u}}",
  TITLE =        "High-Speed Resonant-Cavity-Enhanced Silicon Photodetectors on Reflecting Silicon-On-Insulator Substrates",
  JOURNAL =      IEEE_J_PTL,
  YEAR =         "2002",
  volume =       "14",
  number =       "4",
  pages =        "519-521",
  month =        apr,
};

@ARTICLE{JLT97Mar505Cutolo,
  AUTHOR =       "Antonello Cutolo and Mario Iodice and Paolo Spirito and Luigi Zeni",
  TITLE =        "Silicon Electro-Optic Modulator Based on a Three Terminal Device Integrated in a Low-Loss Single-Mode {SOI} Waveguide",
  JOURNAL =      IEEE_J_JLT,
  YEAR =         "1997",
  volume =       "15",
  number =       "3",
  pages =        "505-518",
  month =        mar,
};

@ARTICLE{JLT03Jan228Sciuto,
  AUTHOR =       "Antonella Sciuto and Sebania Libertino and Antonio Alessandria and Salvo Coffa and Giuseppe Coppola",
  TITLE =        "Design, Fabrication, and Testing of an Integrated {Si}-Based Light Modulator",
  JOURNAL =      IEEE_J_JLT,
  YEAR =         "2003",
  volume =       "21",
  number =       "1",
  pages =        "228-233",
  month =        jan,
};

@ARTICLE{PTL02Jan65Ahmad,
  AUTHOR =       "R. U. Ahmad and F. Pizzuto and G. S. Camarda and R. L. Espinola and H. Rao and Richard M. {Osgood, Jr.}",
  TITLE =        "Ultracompact Corner-Mirrors and {T}-Branches in Silicon-on-Insulator",
  JOURNAL =      IEEE_J_PTL,
  YEAR =         "2002",
  volume =       "14",
  number =       "1",
  pages =        "65-67",
  month =        jan,
};

@ARTICLE{PTL04Nov2493Wang,
  AUTHOR =       "Yongjin Wang and Zhilang Lin and Changsheng Zhang and Feng Zhang",
  TITLE =        "Large Cross Section {Y}-Branch With New Fiber-Waveguide Endface in Silicon-on-Insulator",
  JOURNAL =      IEEE_J_PTL,
  YEAR =         "2004",
  volume =       "16",
  number =       "11",
  pages =        "2493-2495",
  month =        nov,
};
