%%%%%%%%%%%%%%%%%%%%%%%
%%%Books&Proceedings%%%
%%%%%%%%%%%%%%%%%%%%%%%

@BOOK{Okamoto00,
  AUTHOR =       "Katsunari Okamoto",
  TITLE =        "Fundamentals of Optical Waveguides",
  PUBLISHER =    "Academic Press",
  YEAR =         "2000",
  abstract =     "Chapter 9: Planar Lightwave Circuits;
                  Chapter 6: Finite Element Method; Chapter 7: Beam Propagation Method;",
};

@BOOK{Kawano2001,
  AUTHOR =       {Kenji Kawano and Tsutomu Kitoh},
  TITLE =        {Introduction to Optical Waveguide Analysis: Solving Maxwell's Equations and the Schr{\"{o}}dinger Equation},
  PUBLISHER =    {Wiley},
  YEAR =         {2001},
}

@BOOK{Kaminow02IVA,
  editor =       "Ivan P. Kaminow and Tingye Li",
  TITLE =        "Optical Fiber Telecommunications {IVA} Components",
  PUBLISHER =    "Academic Press",
  YEAR =         "2002",
  abstract =     "Chapter 9: Planar Lightwave Devices for WDM",
};

@BOOK{Zienkiewicz77,
  AUTHOR =       "O. C. Zienkiewicz",
  TITLE =        "The Finite Element Method",
  PUBLISHER =    "Mcgraw-Hill",
  YEAR =         "1977",
  address =      "London {\&} Montreal",
};

@BOOK{Zienkiewicz00,
  AUTHOR =       "O. C. Zienkiewicz and Robert Leroy Taylor",
  TITLE =        "The Finite Element Method",
  PUBLISHER =    "Butterworth-Heinemann",
  YEAR =         "2000",
  edition =      "5th",
  address =      "Oxford {\&} Boston",
};

@BOOK{Koshiba90,
  AUTHOR =       "Masanori Koshiba",
  TITLE =        "Optical Waveguide Analysis",
  PUBLISHER =    "McGraw-Hill",
  YEAR =         "1992",
  address =      "New York",
  abstract =     "Japanese Version in 1990",
};

@BOOK{Koshiba1992,
  AUTHOR =       {Masanori Koshiba},
  TITLE =        {Optical Waveguide Theory by the Finite Element Method},
  PUBLISHER =    {KTK Scientific Publishers (Tokyo) / Kluwer Academic Press},
  YEAR =         {1992},
}

@INCOLLECTION{KoshibaCh1Yamashita90,
  AUTHOR =       "Masanori Koshiba",
  TITLE =        "The Finite-Element Method",
  BOOKTITLE =    "Analysis Methods for Electromagnetic Wave Problems",
  PUBLISHER =    "Artech House",
  YEAR =         "1990",
  editor =       "Eikichi Yamashita",
  chapter =      "1",
  pages =        "1-31",
  address =      "Boston{\&}London",
};

@BOOK{Marz94,
  AUTHOR =       "Reinhard M{\"{a}}rz",
  TITLE =        "Integrated Optics: Design and Modeling",
  PUBLISHER =    "Artech House",
  YEAR =         "1994",
  address =      "Boston{\&}London",
};

@BOOK{Vassallo91,
  AUTHOR =       "Charles Vassallo",
  TITLE =        "Optical Waveguide Concepts",
  PUBLISHER =    "Elsevier",
  YEAR =         "1991",
  address =      "The Netherlands",
};

@BOOK{Hunsperger95,
  AUTHOR =       "Robert G. Hunsperger",
  TITLE =        "Integrated Optics: Theory and Technology",
  PUBLISHER =    "Springer Verlag",
  YEAR =         "1995",
  edition =      "4th",
};

@BOOK{Goodman68,
  AUTHOR =       "Joseph W. Goodman",
  TITLE =        "Introduction to Fourier optics",
  PUBLISHER =    "McGraw-Hill",
  YEAR =         "1968",
};

@BOOK{Zhao84,
  AUTHOR =       "Kaihua Zhao and Xihua Zhong",
  TITLE =        "Optics (in Chinese)",
  PUBLISHER =    "Peking University Press",
  YEAR =         "1984",
  address =      "Beijing, China",
  language =     "Chinese",
};

@BOOK{Keiser00,
  AUTHOR =       "Gerd Keiser",
  TITLE =        "Optical Fiber Communications",
  PUBLISHER =    "Wiley",
  YEAR =         "2000",
  edition =      "3rd"
};

@BOOK{Marcuse89,
  AUTHOR =       "Dietrich Marcuse",
  TITLE =        "Light Transmission Optics",
  PUBLISHER =    "Robert E. Krieger Company",
  YEAR =         "1989",
  address =      "Florida",
  edition =      "2nd (reprint)"
};

@BOOK{Marcuse92,
  AUTHOR =       "Dietrich Marcuse",
  TITLE =        "Theory of Dielectric Optical Waveguides",
  PUBLISHER =    "Academic Press",
  YEAR =         "1992",
  edition =      "2nd",
};

@BOOK{Marcuse74,
  AUTHOR =       "Dietrich Marcuse",
  TITLE =        "Theory of Dielectric Optical Waveguides",
  PUBLISHER =    "Academic Press",
  YEAR =         "1974",
  edition =      "1st",
};

@BOOK{Goldstein80,
  AUTHOR =       "Herbet Goldstein",
  TITLE =        "Classical Mechanics",
  PUBLISHER =    "Addison-Wesley",
  YEAR =         "1980",
  edition =      "2nd",
};

@BOOK{Pollock95,
  AUTHOR =       "Clifford R. Pollock",
  TITLE =        "Fundamentals of Optoelectronics",
  PUBLISHER =    "IRWIN",
  YEAR =         "1995",
  address =      "Chicago",
};

@BOOK{Mrozowski97,
  AUTHOR =       "Micha{\l} Mrozowski",
  TITLE =        "Guided electromagnetic waves: properties and analysis",
  PUBLISHER =    "Research Studies Press Ltd. / John Wiley {\&} Sons Inc.",
  YEAR =         "1997",
  address =      "England",
};

@BOOK{Reed04,
  AUTHOR =       "Graham T. Reed and Andrew P. Knights",
  TITLE =        "Silicon Photonics: an introduction",
  PUBLISHER =    "Wiley",
  YEAR =         "2004",
};

@BOOK{Agrawal04,
  AUTHOR =       "Govind P. Agrawal",
  TITLE =        "Lightwave Technology: Components and Devices",
  PUBLISHER =    "Wiley-Interscience",
  YEAR =         "2004",
  address =      "Hoboken, NJ",
};

@BOOK{Agrawal01,
  AUTHOR =       "Govind P. Agrawal",
  TITLE =        "Applications of Nonlinear Fiber Optics",
  PUBLISHER =    "Academic Press",
  YEAR =         "2001",
};

@BOOK{Agrawal92,
  AUTHOR =       "Govind P. Agrawal",
  TITLE =        "Fiber-Optic Communication systems",
  PUBLISHER =    "Wiley",
  YEAR =         "1992",
};

@BOOK{Agrawal89,
  AUTHOR =       "Govind P. Agrawal",
  TITLE =        "Nonlinear Fiber Optics",
  PUBLISHER =    "Academic Press",
  YEAR =         "1989",
  address =      "San Diego, CA",
};

@BOOK{Snyder83,
  AUTHOR =       "Allan W. Snyder and John D. Love",
  TITLE =        "Optical Waveguide Theory",
  PUBLISHER =    "Chapman {\&} Hall",
  YEAR =         "1983",
  address =      "London",
};

@BOOK{Silvester94,
  editor =       "Peter P. Silvester and Giuseppe Pelosi",
  TITLE =        "Finite Elements for Wave Electromagnetics: Methods and Techniques",
  PUBLISHER =    "IEEE Press",
  YEAR =         "1994",
  address =      "New York",
};

@BOOK{Silvester1996,
  AUTHOR =       {Peter P. Silvester and Ronald L. Ferrari},
  TITLE =        {Finite Elements for Electrical Engineers},
  PUBLISHER =    {Cambridge University Press},
  YEAR =         {1996},
  edition =      {3rd},
}

@BOOK{Itoh96,
  editor =       "Tatsuo Itoh and Giuseppe Pelosi and Peter P. Silvester",
  TITLE =        "Finite Element Software For Microwave Engineering",
  PUBLISHER =    "Wiley",
  YEAR =         "1996",
};

@BOOK{Jin93,
  AUTHOR =       "Jianming Jin",
  TITLE =        "Finite Element Method in Electromagnetics",
  PUBLISHER =    "Wiley",
  YEAR =         "1993",
};

@BOOK{Jin2002,
  AUTHOR =       {Jianming Jin},
  TITLE =        {The Finite Element Method in Electromagnetics},
  PUBLISHER =    {John Wiley {\&} Sons},
  YEAR =         {2002},
  address =      {New York},
  edition =      {2nd},
}

@BOOK{Volakis98,
  AUTHOR =       "John L. Volakis and Arindam Chatterjee and Leo C. Kempel",
  TITLE =        "Finite Element Method for Electromagnetics: Antennas, Microwave Circuits, and Scattering Applications",
  PUBLISHER =    "IEEE Press",
  YEAR =         "1998",
  address =      "New York",
};

@BOOK{Pelosi98,
  AUTHOR =       "Giuseppe Pelosi and Roberto Coccioli and Stefano Selleri",
  TITLE =        "Quick Finite Elements for Electromagnetic Waves",
  PUBLISHER =    "Artech House",
  YEAR =         "1998",
  address =      "Boston {\&} London",
};

@BOOK{Fernandez96,
  AUTHOR =       "F. An\'{\i}bal Fern\'{a}ndez and Yilong Lu",
  TITLE =        "Microwave and Optical Waveguide Analysis by the Finite Element Method",
  PUBLISHER =    "Research Studies Press Ltd. / John Wiley {\&} Sons Inc.",
  YEAR =         "1996",
};

@BOOK{Bossavit98,
  AUTHOR =       "Alain Bossavit",
  TITLE =        "Computational Electromagnetism: Variational Formulations, Complementarity, Edge Elements",
  PUBLISHER =    "Academic Press",
  YEAR =         "1998",
  address =      "Boston",
};

@BOOK{Sadiku92,
  AUTHOR =       "Matthew N. O. Sadiku",
  TITLE =        "Numerical Techniques in Electromagnetics",
  PUBLISHER =    "CRC Press",
  YEAR =         "1992",
  edition =      "1st",
};

@BOOK{Sadiku01,
  AUTHOR =       "Matthew N. O. Sadiku",
  TITLE =        "Numerical Techniques in Electromagnetics",
  PUBLISHER =    "CRC Press",
  YEAR =         "2001",
  edition =      "2nd",
};

@BOOK{Sadiku94,
  AUTHOR =       "Matthew N. O. Sadiku",
  TITLE =        "Elements of Electromagnetics",
  PUBLISHER =    "Saunders College Publishing",
  YEAR =         "1994",
};

@BOOK{George91,
  AUTHOR =       "Paul-Louis George",
  TITLE =        "Automatic Mesh Generation: Application to Finite Element Methods",
  PUBLISHER =    "John Wiley {\&} Sons",
  YEAR =         "1991",
  address =      "New York",
};

@BOOK{George97,
  AUTHOR =       "Paul-Louis George and Houman Bourachaki",
  TITLE =        "Triangulation de {Delaunay} et maillage: application aux \'{e}l\'{e}ments finis",
  PUBLISHER =    "Hermes",
  YEAR =         "1997",
  address =      "Paris",
  language =     "French",
};

@BOOK{George98,
  AUTHOR =       "Paul-Louis George and Houman Bourachaki",
  TITLE =        "Delaunay Triangulation and Meshing: Application to Finite Elements",
  PUBLISHER =    "Hermes",
  YEAR =         "1998",
  address =      "Paris",
};

@BOOK{Frey00,
  AUTHOR =       "Pascal Jean Frey and Paul-Louis George",
  TITLE =        "Mesh Generation: application to finite elements",
  PUBLISHER =    "Hermes Science Publishing",
  YEAR =         "2000",
  address =      "Oxford {\&} Paris",
};

@BOOK{Rao89,
  AUTHOR =       "S. S. Rao",
  TITLE =        "Finite Element Method in Engineering",
  PUBLISHER =    "Pergamon Press",
  YEAR =         "1989",
  edition =      "2nd",
};

@BOOK{Kwon00,
  AUTHOR =       "Young W. Kwon",
  TITLE =        "Finite Element Method Using MATLAB",
  PUBLISHER =    "CRC Press",
  YEAR =         "2000",
  month =        "Oct.",
};

@BOOK{Smith99,
  AUTHOR =       "I. M. Smith and D. V. Griffiths",
  TITLE =        "Programming the Finite Element Method",
  PUBLISHER =    "John Wiley {\&} Sons",
  YEAR =         "1999",
  edition =      "3rd",
};

@BOOK{Sullivan00,
  AUTHOR =       "Dennis M. Sullivan",
  TITLE =        "Electromagnetic Simulation using the {FDTD} Method",
  PUBLISHER =    "IEEE Press",
  YEAR =         "2000",
  address =      "New York",
};

@BOOK{Taflove00,
  AUTHOR =       "Allen Taflove and Susan C. Hagness",
  TITLE =        "Computational Electrodynamics, the Finite-Difference Time-Domain Method",
  PUBLISHER =    "Artech House",
  YEAR =         "2000",
  address =      "Norwood, MA",
  edition =      "2nd",
};

@Book{NumericalRecipes,
  AUTHOR =       "William H. Press and Saul A. Teukolsky and William T. Vetterling and Brian P. Flannery",
  TITLE =        "Numerical Recipes in C: the Art of Scientific Computing",
  PUBLISHER =    "Cambridge University Press",
  YEAR =         "1992",
  edition =      "2nd",
};

@BOOK{Tai92,
  AUTHOR =       "Chen-To Tai",
  TITLE =        "Generalized Vector and Dyadic Analysis: Applied Mathematics in Field Theory",
  PUBLISHER =    "IEEE Press",
  YEAR =         "1992",
  address =      "New York",
};

@BOOK{Tai71,
  AUTHOR =       "Chen-To Tai",
  TITLE =        "Dyadic Green's Functions in Electromagnetic Theory",
  PUBLISHER =    "Intex Educational Publishers",
  YEAR =         "1971",
};

@BOOK{Chew99,
  AUTHOR =       "Weng Cho Chew",
  TITLE =        "Waves and Fields in Inhomogeneous Media",
  PUBLISHER =    "Wiley-IEEE Press",
  YEAR =         "1999",
  month =        "Jan.",
  ISBN =         "0-7803-4749-8",
};

@BOOK{Rahman01,
  AUTHOR =       "Matiur Rahman",
  TITLE =        "Applied Vector Analysis",
  PUBLISHER =    "CRC Press",
  YEAR =         "2001",
};

@BOOK{Danielson97,
  AUTHOR =       "D. A. Danielson",
  TITLE =        "Vectors and Tensors in Engineering and Physics",
  PUBLISHER =    "Addison-Wesley",
  YEAR =         "1997",
};

@BOOK{Tomsu02,
  AUTHOR =       "Peter Tomsu and Christian Schmutzer",
  TITLE =        "Next Generation Optical Networks: the Convergence of IP Intelligence and Optical Technologies",
  PUBLISHER =    "Prentice Hall",
  YEAR =         "2002",
};

@BOOK{Ramamurthy01,
  AUTHOR =       "Byrav Ramamurthy",
  TITLE =        "Design of Optical {WDM} Networks: {LAN}, {MAN}, and {WAN} Architectures",
  PUBLISHER =    "Kluwer Academic Publishers",
  YEAR =         "2001",
};

@BOOK{Singh95,
  AUTHOR =       "Jasprit Singh",
  TITLE =        "Semiconductor Optoelectronics: Physics and Technology",
  PUBLISHER =    "McGraw-Hill",
  YEAR =         "1995",
};

@BOOK{Singh94,
  AUTHOR =       "Jasprit Singh",
  TITLE =        "Semiconductor Devices: An Introduction",
  PUBLISHER =    "McGraw-Hill",
  YEAR =         "1994",
};

@BOOK{Kuo01,
  AUTHOR =       "James B. Kuo and Shih-Chia Lin",
  TITLE =        "Low-Voltage {SOI CMOS VLSI} Devices and Circuits",
  PUBLISHER =    "Wiley",
  YEAR =         "2001",
  address =      "New York",
};

@BOOK{Saad03,
  AUTHOR =       "Yousef Saad",
  TITLE =        "Iterative methods for sparse linear systems",
  PUBLISHER =    "Society for Industrial and Applied Mathematics (SIAM)",
  YEAR =         "2003",
  address =      "Philadelphia",
  edition =      "2nd",
};

@BOOK{Saad92,
  AUTHOR =       "Yousef Saad",
  TITLE =        "Numerical methods for large eigenvalue problems",
  PUBLISHER =    "Manchester University Presss",
  YEAR =         "1992",
  address =      "Manchester, United Kingdom",
};

@BOOK{Tang2007Math1,
  AUTHOR =       {Kwong Tin Tang},
  TITLE =        {Mathematical Methods for Engineers and Scientists 1: Complex Analysis, Determinants and Matrices},
  PUBLISHER =    {Springer},
  YEAR =         {2007},
}
@BOOK{Tang2007Math2,
  AUTHOR =       {Kwong Tin Tang},
  TITLE =        {Mathematical Methods for Engineers and Scientists 2: Vector Analysis, OrdinaryDifferential Equations and Laplace Transforms},
  PUBLISHER =    {Springer},
  YEAR =         {2007},
}
@BOOK{Tang2007Math3,
  AUTHOR =       {Kwong Tin Tang},
  TITLE =        {Mathematical Methods for Engineers and Scientists 3: Fourier Analysis, Partial Differential Equations and Variational Methods},
  PUBLISHER =    {Springer},
  YEAR =         {2007},
}

@BOOK{Okamoto2006,
  AUTHOR =       {Katsunari Okamoto},
  TITLE =        {Fundamentals of Optical Waveguides},
  PUBLISHER =    {Academic Press},
  YEAR =         {2006},
  edition =      {2},
}

@BOOK{Zienkiewicz2005,
  AUTHOR =       {O. C. Zienkiewicz and Robert Leroy Taylor and J. Z. Zhu},
  TITLE =        {The Finite Element Method: Its Basis and Fundamentals},
  PUBLISHER =    {Elsevier Butterworth-Heinemann},
  YEAR =         {2005},
  edition =      {6th},
}

@BOOK{Sadiku2001,
  AUTHOR =       {Matthew N. O. Sadiku},
  TITLE =        {Numerical Techniques in Electromagnetics},
  PUBLISHER =    {CRC Press},
  YEAR =         {2001},
  edition =      {2nd},
}

@BOOK{FreyGeorge2000,
  AUTHOR =       {Pascal Jean Frey and Paul-Louis George},
  TITLE =        {Mesh Generation: application to finite elements},
  PUBLISHER =    {Hermes Science Publishing},
  YEAR =         {2000},
  address =      {Oxford {\&} Paris},
}

@BOOK{FernandezLu1996,
  AUTHOR =       {F. An\'{\i}bal Fern\'{a}ndez and Yilong Lu},
  TITLE =        {Microwave and Optical Waveguide Analysis by the Finite Element Method},
  PUBLISHER =    {Research Studies Press Ltd. / John Wiley {\&} Sons Inc.},
  YEAR =         {1996},
}

%%%%%%%%%%%%%%%%%%%%%%%
%%%Opt.&Photon.Books%%%
%%%%%%%%%%%%%%%%%%%%%%%

@BOOK{Born_Wolf_1999,
  AUTHOR =       {Max Born and Emil Wolf},
  TITLE =        {Principles of Optics: Electromagnetic Theory
                  of Propagation, Interference and Diffraction of Light},
  PUBLISHER =    {Cambridge University Press},
  YEAR =         {1999},
  edition =      {7th},
  isbn =         {0521642221},
}

@BOOK{Fox2005_Optical_Solids,
  AUTHOR =       {Mark Fox},
  TITLE =        {Optical Properties of Solids},
  PUBLISHER =    {Oxford University Press},
  YEAR =         {2005},
}
%series =       {Oxford Master Series in Condensed Matter Physics},

@BOOK{Simmons_Potter_2000,
  AUTHOR =       {Joseph H. Simmons and Kelly S. Potter},
  TITLE =        {Optical Materials},
  PUBLISHER =    {Academic Press},
  YEAR =         {2000},
}

@BOOK{Saleh_Teich_1991_Photonics,
  AUTHOR =       {Bahaa E. A. Saleh and Malvin Carl Teich},
  TITLE =        {Fundamentals of Photonics},
  PUBLISHER =    {Wiley-Interscience},
  YEAR =         {1991},
}

%%%%%%%%%%%%%%%%%%%%%%%
%%%SPR Books&Manuals%%%
%%%%%%%%%%%%%%%%%%%%%%%

@ARTICLE{Raether1977,
  AUTHOR =       {Heinz Raether},
  TITLE =        {Surface Plasmon Oscillations and Their Applications},
  JOURNAL =      {Physics of Thin Films: Advances in Research and Development},
  YEAR =         {1977},
  volume =       {9},
  pages =        {145-261},
  note =         {{Academic Press}},
}

@BOOK{Raether1980,
  AUTHOR =       {Heinz Raether},
  TITLE =        {Excitation of Plasmons and Interband Transitions by Electrons},
  PUBLISHER =    {Springer-Verlag},
  YEAR =         {1980},
  note =         {{Springer Tracts in Modern Physics 88}}
}

@BOOK{Raether1988,
  AUTHOR =       {Heinz Raether},
  TITLE =        {Surface Plasmons on Smooth and Rough Surfaces and on Gratings},
  PUBLISHER =    {Springer-Verlag},
  YEAR =         {1988},
  note =         {{Springer Tracts in Modern Physics 111}}
}

@BOOK{Shalaev2002,
  editor =       {V. M. Shalaev},
  TITLE =        {Optical Properties of Nanostructured Random Media},
  PUBLISHER =    {Springer-Verlag},
  YEAR =         {2002},
  note =         {{Topics in Applied Physics 82}},
}

@BOOK{Pavesi2004,
  editor =       {Lorenzo Pavesi and David J. Lockwood},
  TITLE =        {Silicon Photonics},
  PUBLISHER =    {Springer-Verlag},
  YEAR =         {2004},
  note =         {{Topics in Applied Physics 94}},
}

@BOOK{Kneipp2006,
  editor =       {Katrin Kneipp and Martin Moskovits and Harald Kneipp},
  TITLE =        {Surface-Enhanced Raman Scattering: Physics and Applications},
  PUBLISHER =    {Springer-Verlag},
  YEAR =         {2006},
  note =         {{Topics in Applied Physics 103}},
}

@BOOK{Fornel2001,
  AUTHOR =       {Frederique de Fornel},
  TITLE =        {Evanescent Waves: From Newtonian Optics to Atomic Optics},
  PUBLISHER =    {Springer-Verlag},
  YEAR =         {2001},
  note =         {{Springer Series in Optical Sciences 73}}
}

@BOOK{Prasad2003,
  AUTHOR =       {Paras N. Prasad},
  TITLE =        {Introduction to Biophotonics},
  PUBLISHER =    {Wiley-Interscience},
  YEAR =         {2003},
}

@BOOK{Prasad2004,
  AUTHOR =       {Paras N. Prasad},
  TITLE =        {Nanophotonics},
  PUBLISHER =    {Wiley-Interscience},
  YEAR =         {2004},
}

@BOOK{Klabunde2001,
  editor =       {Kenneth J. Klabunde},
  TITLE =        {Nanoscale Materials in Chemistry},
  PUBLISHER =    {Wiley-Interscience},
  YEAR =         {2001},
}

@BOOK{VoDinh2003,
  editor =       {Tuan Vo-Dinh},
  TITLE =        {Biomedical Photonics Handbook},
  PUBLISHER =    {CRC PRESS},
  YEAR =         {2003},
}

@BOOK{CRChbcp2006,
  editor =       {David R. Lide},
  TITLE =        {CRC Handbook of Chemistry and Physics},
  PUBLISHER =    {CRC Press},
  YEAR =         {2006},
  edition =      {87th},
  month =        jun,
  source =       {http://www.hbcpnetbase.com/},
}

@BOOK{Orfanidis_EWA,
  AUTHOR =       {Sophocles J. Orfanidis},
  TITLE =        {Electromagnetic Waves and Antennas},
  PUBLISHER =    {Rutgers University},
  YEAR =         { },
  address =      {Piscataway, NJ},
  source =       {http://www.ece.rutgers.edu/~orfanidi/ewa/},
}

@BOOK{ChriseyHubler1994_PLD,
  AUTHOR =       { },
  editor =       {Douglas B. Chrisey and Graham K. Hubler},
  TITLE =        {Pulsed Laser Deposition of Thin Films},
  PUBLISHER =    {Wiley-Interscience},
  YEAR =         {1994},
}

@BOOK{Eason2006_PLD,
  AUTHOR =       { },
  editor =       {Robert Eason},
  TITLE =        {Pulsed Laser Deposition of Thin Films:
                  Applications-Led Growth of Functional Materials},
  PUBLISHER =    {Wiley-Interscience},
  YEAR =         {2006},
}

@BOOK{Macleod2001_ThinFilm,
  AUTHOR =       {H. Angus Macleod},
  TITLE =        {Thin Film Optical Filters},
  PUBLISHER =    {Institute of Physics Publishing},
  YEAR =         {2001},
  address =      {Bristol and Philadelphia},
  edition =      {3rd},
}

%%%%%%%%%%%%%%%%%%%%%%%
%%Thesis&Collections%%%
%%%%%%%%%%%%%%%%%%%%%%%

@PHDTHESIS{PhD00Davies,
  AUTHOR =       "Philip Ieuan Davies",
  TITLE =        "Solving The Symmetric Definite Generalized Eigenvalue Problem",
  SCHOOL =       "University of Manchester",
  YEAR =         "2000",
  address =      "Manchester, United Kingdom",
  month =        dec,
};

@PHDTHESIS{PhD04Aalto,
  AUTHOR =       "Timo Aalto",
  TITLE =        "Microphotonic silicon waveguide components",
  SCHOOL =       "Helsinki University of Technology",
  YEAR =         "2004",
  address =      "Espoo, Finland",
  month =        dec,
};

%%Thesis/Presentation from Universiteit Gent (Ghent University)%%%%%%%%%%%%%%%%%%
%%Technische Universiteit Delft (Delft University of Technology, TU Delft)%%%%%%%
%%Technische Universiteit Eindhoven (Eindhoven University of Technology, TU/e)%%%

@CONFERENCE{Baets04Nanophotonics,
  author =       "Roel Baets",
  title =        "Nano-Photonic Integrated Circuits: the promise and the problems",
  booktitle =    "Norwegian Electro-optics Meeting",
  year =         "2004",
  address =      "T{\o}nsberg, Norway",
  intype =       "presented at the",
  month =        may # " 2-4, ",
};

@PHDTHESIS{PhD04Taillaert,
  AUTHOR =       "Dirk Taillaert",
  TITLE =        "Grating Couplers as Interface between Optical Fibres and Nanophotonic Waveguides",
  SCHOOL =       "Ghent University",
  YEAR =         "2004",
  address =      "Ghent, Belgium",
};

@PHDTHESIS{PhD04Bogaerts,
  AUTHOR =       "Wim Bogaerts",
  TITLE =        "Nanophotonic Waveguides and Photonic Crystals in Silicon-on-Insulator",
  SCHOOL =       "Ghent University",
  YEAR =         "2004",
  address =      "Ghent, Belgium",
};

@PHDTHESIS{PhD2003Galarza,
  AUTHOR =       {Marko Galarza Galarza},
  TITLE =        {Leaky-Waveguide-Based Integrated Spot-Size Converters for Alignment-Tolerant Optical Fiber Coupling},
  SCHOOL =       {Ghent University},
  YEAR =         {2003},
  address =      {Ghent, Belgium},
}

@PHDTHESIS{PhD2002Mesel,
  AUTHOR =       {Kurt De Mesel},
  TITLE =        {Spot-size converters for photonic integrated circuits},
  SCHOOL =       {Ghent University},
  YEAR =         {2002},
  address =      {Ghent, Belgium},
}

@PHDTHESIS{PhD2005Kilders,
  AUTHOR =       {Pablo Sanchis Kilders},
  TITLE =        {Coupling techniques between dielectric waveguides and planar photonic crystals},
  SCHOOL =       {Universidad Polit\'{e}cnica de Valencia},
  YEAR =         {2005},
  address =      {Valencia, Spain},
  month =        feb,
}

@PHDTHESIS{PhD01Bienstman,
  AUTHOR =       "Peter Bienstman",
  TITLE =        "Rigorous and efficient modelling of wavelength scale photonic components",
  SCHOOL =       "Ghent University",
  YEAR =         "2001",
  address =      "Ghent, Belgium",
};

@PHDTHESIS{PhD97Dam,
  AUTHOR =       "Cornelis van Dam",
  TITLE =        "{InP}-based polarisation independent wavelength demultiplexers",
  SCHOOL =       "Delft University of Technology",
  YEAR =         "1997",
  address =      "Delft, The Netherlands",
};

%%Thesis from University of Waterloo and Canada Universities%%%%%%%
@PHDTHESIS{PhD94Xu,
  AUTHOR =       "Chenglin Xu",
  TITLE =        "Finite-Difference Techniques for Simulation of Vectorial Wave Propagation in Photonic Guide-Wave Devices",
  SCHOOL =       "University of Waterloo",
  YEAR =         "1994",
  address =      "Waterloo, Ontario, Canada",
};

@MASTERSTHESIS{MASc98Lu,
  AUTHOR =       "Tao Lu",
  TITLE =        "Boundary Element Analysis of Dielectric Waveguides",
  SCHOOL =       "Queen's University",
  YEAR =         "1998",
  address =      "Kingston, Ontario, Canada",
};

@MASTERSTHESIS{MASc03Ofuonye,
  AUTHOR =       "Bennedict C. Ofuonye",
  TITLE =        "Polarization Division Multiplexing, Polarization Mode Dispersion, Solitons and Pulse Depolarization",
  SCHOOL =       "University of Waterloo",
  YEAR =         "2003",
  address =      "Waterloo, Ontario, Canada",
};

@PHDTHESIS{PhD2004Kippenberg,
  AUTHOR =       {Tobias Jan August Kippenberg},
  TITLE =        {Nonlinear Optics in Ultra-high-{Q} Whispering-Gallery Optical Microcavities},
  SCHOOL =       {California Institute of Technology},
  YEAR =         {2004},
  address =      {Pasadena, California},
  month =        jul # { 19, },
}

@PHDTHESIS{PhD2006Borselli,
  AUTHOR =       {Matthew Borselli},
  TITLE =        {High-{Q} Microresonators as Lasing Elements for Silicon Photonics},
  SCHOOL =       {California Institute of Technology},
  YEAR =         {2006},
  address =      {Pasadena, California},
  month =        may # { 17, },
}

@PHDTHESIS{PhD2009Ostby,
  AUTHOR =       {Eric Paul Ostby},
  TITLE =        {Photonic Whispering-Gallery Resonators In New Environments},
  SCHOOL =       {California Institute of Technology},
  YEAR =         {2009},
  address =      {Pasadena, California},
  month =        may # { 20, },
}
