%%%%%%%%%%%%%%%%%%%%%%%%%%%%%%%%%%%
%%% Publication of Henghua DENG %%%
%%%%%%%%%%%%%%%%%%%%%%%%%%%%%%%%%%%

%%%%%%%%%%%%%%%%%%%%%%%
%%%%%%% Journal %%%%%%%
%%%%%%%%%%%%%%%%%%%%%%%

@ARTICLE{SNB08Sep502Deng_SPR,
  AUTHOR =       {Henghua Deng and Dongfang Yang and Bo Chen and Chii-Wann Lin},
  TITLE =        {Simulation of surface plasmon resonance of $\mathrm{AuWO_{3-x}}$
                  and $\mathrm{AgWO_{3-x}}$ nanocomposite films},
  JOURNAL =      {Sensors and Actuators {B}: Chemical},
  YEAR =         {2008},
  volume =       {134},
  number =       { },
  pages =        {502-509},
  month =        sep,
}

@ARTICLE{JOSAA06Deng_FabTol_SOI_PR,
  AUTHOR =       "Henghua Deng and David Owen Yevick and Chris Brooks and Paul E. Jessop",
  TITLE =        "Fabrication Tolerance of Asymmetric Silicon-on-Insulator Polarization Rotators",
  JOURNAL =      "Journal of the Optical Society of America {A} ({JOSA A})",
  YEAR =         "2006",
  volume =       "23",
  number =       "7",
  pages =        "1741",
  month =        jul,
}; %J. Opt. Soc. Am. A

@ARTICLE{OptEng06Brooks_SOIPR,
  AUTHOR =       "Chris Brooks and Paul E. Jessop and Henghua Deng and David Owen Yevick and Garry Tarr",
  TITLE =        "Passive Polarization Rotating Waveguides in Silicon-on-Insulator",
  JOURNAL =      "Optical Engineering",
  YEAR =         "2006",
  volume =       "45",
  number =       "4",
  pages =        "{044603-1}-{044603-5}",
  month =        apr,
};

@ARTICLE{PTL05Oct2113Deng_BendSOIPR,
  AUTHOR =       "Henghua Deng and David Owen Yevick and Sujeet K. Chaudhuri",
  TITLE =        "Bending Characteristics of Asymmetric {SOI} Polarization Rotators",
  JOURNAL =      IEEE_J_PTL,
  YEAR =         "2005",
  volume =       "17",
  number =       "10",
  pages =        "2113-2115",
  month =        oct,
};

@ARTICLE{PTL05Jul1429Deng_FEBPM,
  AUTHOR =       "Henghua Deng and David Owen Yevick",
  TITLE =        "The Nonunitarity of Finite-Element Beam Propagation Algorithms",
  JOURNAL =      IEEE_J_PTL,
  YEAR =         "2005",
  volume =       "17",
  number =       "7",
  pages =        "1429-1431",
  month =        jul,
};

@ARTICLE{JLT05Jan432Deng_Rule_PR,
  AUTHOR =       "Henghua Deng and David Owen Yevick and Chris Brooks and Paul E. Jessop",
  TITLE =        "Design rules for slanted-angle polarization rotators",
  JOURNAL =      IEEE_J_JLT,
  YEAR =         "2005",
  volume =       "23",
  number =       "1",
  pages =        "432-445",
  month =        jan,
};

%%%%%%%%%%%%%%%%%%%%%%%
%%%%%% Conference %%%%%
%%%%%%%%%%%%%%%%%%%%%%%

@INPROCEEDINGS{IPC12ThZ2Logvin,
  AUTHOR =       {Yury Logvin and Fang Wu and Henghua Deng and Valery Tolstikhin and Chris Brooks},
  TITLE =        {On-Chip Wavelength-Division (De)Multiplexers for
                  Multi-Guide Vertical Integration in {InP}},
  BOOKTITLE =    {IEEE Photonics Conference (IPC'12)},
  YEAR =         {2012},
  pages =        {907-908},
  address =      {Burlingame, CA},
  month =        sep # { 23-}#{27,},
  organization = { },
  publisher =    { },
  note =         {{Contributed Oral}},
  paper =        {ThZ2},
};

@CONFERENCE{NanoForum07Deng,
  author =       {Henghua Deng and Dongfang Yang},
  title =        {Optical characterization of pulsed laser deposited {Au-WO3} nanocomposite thin films},
  year =         {2007},
  address =      {University of Waterloo, Waterloo, ON},
  month =        jun # " 18-20,",
  organization = {NanoForum Canada},
  note =         {poster},
}

@INPROCEEDINGS{IPR04IFG4Brooks,
  AUTHOR =       "Chris Brooks and Paul E. Jessop and Henghua Deng and David Owen Yevick and Garry Tarr",
  TITLE =        "Polarization rotating waveguides in silicon on insulator",
  BOOKTITLE =    "OSA Proc. Integrated Photonics Research Conference (IPR'04)",
  YEAR =         "2004",
  pages =        " ",
  address =      "San Francisco, CA",
  month =        jun # " 30-" # jul # " 2,",
  organization = " ",
  publisher =    " ",
  note =         "Paper IFG4",
};

@INPROCEEDINGS{OFC04MF41Deng,
  AUTHOR =       "Henghua Deng and David Owen Yevick and Chris Brooks and Paul E. Jessop",
  TITLE =        "Design procedures for slanted-angle {SOI} polarization rotators",
  BOOKTITLE =    "OSA/IEEE Proc. Optical Fiber Communication Conference (OFC'04)",
  YEAR =         "2004",
  pages =        " ",
  address =      "Los Angeles, CA",
  month =        feb # " 22-27,",
  organization = " ",
  publisher =    " ",
  note =         "Paper MF-41",
};

@CONFERENCE{OPC05Deng_FabTol_SOI_PR,
  author =       {Henghua Deng and David Owen Yevick and Chris Brooks and Paul E. Jessop},
  title =        {Fabrication Tolerance Study of Assymetric {SOI} Polarization Rotators},
  year =         {2005},
  address =      {McMaster University, Hamilton, ON},
  month =        jun,
  organization = {Ontario Photonics Consortium (OPC)},
  note =         {poster},
}

@CONFERENCE{CIPI04Deng_SOI_PR,
  author =       {Henghua Deng and David Owen Yevick and Chris Brooks and Paul E. Jessop},
  title =        {Procedures for slanted-angle {SOI} polarization rotators},
  year =         {2004},
  address =      {Universit\'{e} de Sherbrooke, Qu\'{e}bec},
  month =        jun # " 20-23,",
  organization = {Canadian Institute for Photonic Innovations ({CIPI}) Annual Meeting},
  note =         {poster},
}

@INPROCEEDINGS{OFSET00Wu,
  AUTHOR =       "Deming Wu and Henghua Deng and Anshi Xu",
  TITLE =        "Research on Bidirectional {OADMs} ({BADMs}) Based on {AWGs} (invited)",
  BOOKTITLE =    "Proceedings of OFSET 2000",
  YEAR =         "2000",
  address =      "Osaka, Japan",
  month =        dec # " 4-6,",
  organization = "IEEJ {\&} IEICE",
};
%%The 2000 Japan-China Joint Meeting on Optical Fiber Science and Electromagnetic Theory (OFSET 2000)
%%December 4 to 6, 2000, Convention Center on the Suita Campus of Osaka University, Suita, Osaka, Japan.
%%SPONSORED BY: The Institute of Electrical Engineers of Japan (IEEJ)
%%              The Institute of Electronics, Information and Communication Engineers (IEICE)
%%              China Institute of Communications (CIC)
%%              Osaka University
%%

@INPROCEEDINGS{SPIE4225Deng,
  AUTHOR =       "Henghua Deng and Deming Wu and Anshi Xu",
  TITLE =        "Loss-imbalance equalization of {AWG}-based {OADM}",
  BOOKTITLE =    "Optical Interconnects for Telecommunication and Data Communications",
  YEAR =         "2000",
  editor =       "Xiaomin Ren and Suning Tang",
  volume =       "4225",
  pages =        "48-52",
  month =        oct,
  organization = "The International Society for Optical Engineering (SPIE)",
};
%%The paper SPIE4225Deng is the EI-indexed conference paper of OEIC00Deng below:
%%INPROCEEDINGS{OEIC00Deng,
%%  AUTHOR =       "Henghua Deng and Deming Wu and Anshi Xu",
%%  TITLE =        "Research on Loss-imbalance equalization of {AWG}-based {OADM}",
%%  BOOKTITLE =    "International Symposium on Optic and Optoelectronic Inspection and Control (OEIC CHINA 2000)",
%%  YEAR =         "2000",
%%  editor =       "Xiaomin Ren and Suning Tang",
%%  volume =       "4225",
%%  pages =        "48-52",
%%  month =        nov # " 8-10,",
%%  organization = "The International Society for Optical Engineering (SPIE)",
%%  note =         "paper 4225-11",
%%};

@INPROCEEDINGS{ICETS00Deng01,
  AUTHOR =       "Henghua Deng and Deming Wu and Anshi Xu",
  TITLE =        "Crosstalk Analysis of {AWG}-based {OADM}",
  BOOKTITLE =    "Proceedings of International Conference on Engineering and Technological Science 2000 ({ICETS2000})",
  YEAR =         "2000",
  editor =       "Jian Song and Yue Wang",
  volume =       "2",
  pages =        "221-227",
  address =      "Beijing, China",
  month =        oct # " 11-13,",
  organization = "Chinese Academy of Engineering",
  publisher =    "New World Press",
  paper =        "SS220",
};

@INPROCEEDINGS{ICETS00Deng02,
  AUTHOR =       "Henghua Deng and Deming Wu and Anshi Xu",
  TITLE =        "Crosstalk Contrast of {AWG}-based {OADM} with Loopback Paths and Foldback Paths",
  BOOKTITLE =    "Proceedings of International Conference on Engineering and Technological Science 2000 ({ICETS2000})",
  YEAR =         "2000",
  editor =       "Jian Song and Yue Wang",
  volume =       "2",
  pages =        "228-231",
  address =      "Beijing, China",
  month =        oct # " 11-13,",
  organization = "Chinese Academy of Engineering",
  publisher =    "New World Press",
  paper =        "SS221",
};

@INPROCEEDINGS{Korea99Deng,
  AUTHOR =       "Henghua Deng and Deming Wu and Anshi Xu",
  TITLE =        "Design on Bidirectional Add/Drop Multiplexer in Bidirectional {WDM} Self-Healing Ring Networks",
  BOOKTITLE =    "Proceedings of the 4th Annual Joint Workshop (on Modern Electronic Technologies and Applications)",
  YEAR =         "1999",
  pages =        "106-111",
  address =      "Beijing, China",
  month =        dec # " 10,",
  organization = "Peking University (China) {\&} Kyungpook National University (Korea)",
};

%%%%%%%%%%%%%%%%%%%%%%%
%%%%% News Release %%%%
%%%%%%%%%%%%%%%%%%%%%%%

@BOOKLET{OCP20130313News,
  title =        {{OneChip Photonics} Announces New Family of Photonic Integrated Circuit ({PIC})-Based {100Gbps}
                   Optical Interconnect Solutions for Data Center Interconnect Applications},
  author =       { },
  organization = {{OneChip Photonics Inc.}},
  publisher =    { },
  howpublished = {News Releases},
  address =      {Ottawa, Ontario, Canada},
  year =         {2013},
  month =        mar # { 13,},
  note =         {{Henghua Deng} contributions to {100GE LR4 WDM iRx, 100GE PSM4 iRx, and 40GE LR4 iRx}},
  abstract =     { },
  keywords =     { },
  source =       {http://www.onechipphotonics.com/news/archive/Final_OneChip%20100G%20Solutions%20News%20Release_March%2013,%202013.pdf},
  url =          { },
}

@BOOKLET{Converge20130317,
  title =        {{OneChip Photonics} Intros {100G PIC} in {Indium Phosphide}},
  author =       { },
  organization = {Converge Network Digest},
  publisher =    { },
  howpublished = { },
  address =      { },
  year =         {2013},
  month =        mar # { 17,},
  note =         { },
  abstract =     { },
  keywords =     { },
  source =       { },
  url =          {http://www.convergedigest.com},
  url2 =         {http://www.convergedigest.com/2013/03/onechip-photonics-intros-100g-pic-in.html},
}

@BOOKLET{LightWave20130314,
  title =        {{OneChip Photonics} offers {PIC-based 100G} components for data center interconnects},
  author =       { },
  organization = {Lightwave Online},
  publisher =    { },
  howpublished = { },
  address =      { },
  year =         {2013},
  month =        mar # { 14,},
  note =         { },
  abstract =     { },
  keywords =     { },
  source =       { },
  url =          {http://www.lightwaveonline.com},
  url2 =         {http://www.lightwaveonline.com/articles/2013/03/onechip-photonics-offers-pic-based-100g-components-for-data-cent.html},
}

@BOOKLET{OCP20120521News,
  title =        {{OneChip} Announces Availability of Photonic Integrated Circuit ({PIC})-based
                  {40GBASE-LR4} and {100GBASE-LR4} Receiver Chips},
  author =       { },
  organization = {{OneChip Photonics Inc.}},
  publisher =    { },
  howpublished = {News Releases},
  address =      {Ottawa, Ontario, Canada},
  year =         {2012},
  month =        may # { 21,},
  note =         {{Principle Designer: Henghua Deng}},
  abstract =     { },
  keywords =     { },
  source =       {http://www.onechipphotonics.com/news/archive/FINAL_OneChip_announces_40G&100G_chips_May21_2012.pdf},
  url = { {OneChip 40G \& 100G Interconnect Solutions},
           http://youtu.be/xc1DtkYooW8,
           http://www.youtube.com/watch?v=xc1DtkYooW8},
}

@BOOKLET{Gazettabyte20120531,
  title =        {{OneChip Photonics} targets the data centre with its {PICs}},
  author =       { },
  organization = {Gazettabyte},
  publisher =    { },
  howpublished = { },
  address =      { },
  year =         {2012},
  month =        may # { 31,},
  note =         { },
  abstract =     { },
  keywords =     { },
  source =       { },
  url =          {http://www.gazettabyte.com},
  url2 =         {http://www.gazettabyte.com/home/2012/5/31/onechip-photonics-targets-the-data-centre-with-its-pics.html},
}

@BOOKLET{LightWave20120522,
  title =        {{OneChip} unveils {PIC}-based {40G} and {100G} receiver chips},
  author =       { },
  organization = {Lightwave Online},
  publisher =    { },
  howpublished = { },
  address =      { },
  year =         {2012},
  month =        may # { 22,},
  note =         { },
  abstract =     { },
  keywords =     { },
  source =       { },
  url =          {http://www.lightwaveonline.com},
  url2 =         {http://www.lightwaveonline.com/articles/2012/05/onechip-unveils-pic-based-40g-and-100g-receiver-chips.html},
}

@BOOKLET{BusiWire20120521,
  title =        {{OneChip} Announces Availability of Photonic Integrated Circuit ({PIC})-based {40GBASE-LR4} and {100GBASE-LR4} Receiver Chips},
  author =       { },
  organization = {Business Wire},
  publisher =    { },
  howpublished = { },
  address =      { },
  year =         {2012},
  month =        may # { 21,},
  note =         { },
  abstract =     { },
  keywords =     { },
  source =       { },
  url =          {http://www.businesswire.com},
  url2 =         {http://eon.businesswire.com/news/eon/20120521005055/en/OneChip-Announces-Availability-Photonic-Integrated-Circuit-PIC},
}

@BOOKLET{SemiToday20120521,
  title =        {{OneChip} to sample {PIC}-based {40GBASE-LR4} and {100GBASE-LR4} receiver chips},
  author =       { },
  organization = {Semiconductor Today},
  publisher =    { },
  howpublished = { },
  address =      { },
  year =         {2012},
  month =        may # { 21,},
  note =         { },
  abstract =     { },
  keywords =     { },
  source =       { },
  url =          {http://www.semiconductor-today.com},
  url2 =         {http://www.semiconductor-today.com/news_items/2012/MAY/ONECHIP_210512.html},
}

@BOOKLET{CompSemi20120521,
  title =        {{OneChip} shows off its new 40 and {100GBASE InP PIC} receiver chips},
  author =       { },
  organization = {Compound Semiconductor},
  publisher =    { },
  howpublished = { },
  address =      { },
  year =         {2012},
  month =        may # { 21,},
  note =         { },
  abstract =     { },
  keywords =     { },
  source =       { },
  url =          {http://www.compoundsemiconductor.net},
  url2 =         {http://www.compoundsemiconductor.net/csc/news-details/id/19735017/name/OneChip-shows-off-its-new-40-and-100GBASE-InP-PIC-receiver-chip.html},
}

%%%%%%%%%%%%%%%%%%%%%%%
%%% Thesis & Report %%%
%%%%%%%%%%%%%%%%%%%%%%%

@TECHREPORT{MGVI2009DHH,
  author =       {Henghua Deng},
  title =        {Global Optimization of Robust Spot-Size Converters
                  for Multi-Grid Vertical Integration with Genetic Algorithm},
  institution =  {OneChip Photonics Inc.},
  year =         {2010},
  type =         {Technical Report},
  address =      {Ottawa, Ontario, Canada},
  month =        feb # { 15,},
  note =         {107 pages},
}%apr # { 18,}, %3-month contract

@TECHREPORT{UVic2009DHH,
  author =       {Henghua Deng and Tao Lu},
  title =        {Calculation of optical whispering-gallery modes
                  with finite-element beam propagation method},
  institution =  {University of Victoria},
  year =         {2009},
  type =         {Technical Report},
  address =      {Victoria, British Columbia, Canada},
  month =        nov # { 18,},
}

@TECHREPORT{SPR2007DHH,
  author =       {Henghua Deng},
  title =        {Surface Plasma Resonance for Sensor Applications},
  institution =  {Integrated Manufacturing Technologies Institute, National Research Council Canada},
  year =         {2007},
  type =         {Technical Report},
  address =      {800 Collip Circle, London, Ontario, Canada},
  month =        jun # { 15,},
  note =         {80 pages},
}

@book{Deng2008NRC,
  title={Simulation of surface plasmon resonance of
         $\mathrm{AuWO_{3-x}}$ and $\mathrm{AgWO_{3-x}}$ nanocomposite films},
  author={Henghua Deng and Dongfang Yang and Bo Chen},
  url={http://books.google.ca/books?id=9OZsOgAACAAJ},
  series={ },
  year={2008},
  note={58 pages},
  publisher={Industrial Materials Institute, National Research Council Canada},
}

@PHDTHESIS{PhD05Deng,
  AUTHOR =       "Henghua Deng",
  TITLE =        "Design and Characterization of Silicon-on-Insulator
                  Passive Polarization Converter with Finite-Element Analysis",
  SCHOOL =       "University of Waterloo",
  YEAR =         "2005",
  address =      "Waterloo, Ontario, Canada",
  month =        jun # " 22, ",
  note =         "{Supervisors: Prof. David Owen Yevick and Prof. Sujeet Kumar Chaudhuri;
                  Examiners: Prof. Anand Gopinath, Prof. Safieddin Safavi-Naeini,
                  Prof. Yung Leonard Chow, and Prof. Joseph Sanderson}",
};

@MASTERSTHESIS{MASc00Deng,
  AUTHOR =       "Henghua Deng",
  TITLE =        "Research on Optical Add/Drop Multiplexers ({OADM})
                  Based on Arrayed Waveguide Grating ({AWG})",
  SCHOOL =       "Peking University",
  YEAR =         "2000",
  address =      "Beijing, China",
  month =        jun,
  note =         "Supervisors: Prof. Deming Wu and Prof. Anshi Xu",
};

@MASTERSTHESIS{Bachelor97Deng,
  AUTHOR =       "Henghua Deng",
  TITLE =        "The Application of {ISP} (In-System Programmable) Logic Devices in Digital Systems",
  SCHOOL =       "Northwestern Polytechnical University",
  YEAR =         "1997",
  type =         "Bachelor's Thesis",
  address =      "Xi'an, China",
  month =        jun,
  note =         "Advisor: Yi YUE. Distinguished as Excellent Thesis",
};

@MASTERSTHESIS{Deng01ECE678,
  AUTHOR =       "Henghua Deng",
  TITLE =        "Research on the Principle of Arrayed Waveguide Grating ({AWG})",
  SCHOOL =       "University of Waterloo",
  YEAR =         "2001",
  type =         "ECE678 Course Project",
  address =      "Ontario, Canada",
  month =        apr,
};

@MASTERSTHESIS{Deng01ECE703,
  AUTHOR =       "Henghua Deng",
  TITLE =        "{Gallium Arsenide} ({GaAs}) Heterojunction Bipolar Transistors ({HBT})",
  SCHOOL =       "University of Waterloo",
  YEAR =         "2001",
  type =         "ECE705 Course Project",
  address =      "Ontario, Canada",
  month =        mar,
};

@MASTERSTHESIS{Deng01ECE770,
  AUTHOR =       "Henghua Deng",
  TITLE =        "Research on Arrayed Waveguide Grating ({AWG})",
  SCHOOL =       "University of Waterloo",
  YEAR =         "2001",
  type =         "ECE770 Course Project",
  address =      "Ontario, Canada",
  month =        apr,
};

@MASTERSTHESIS{Deng01SYDE622,
  AUTHOR =       "Yaxun Liu and Henghua Deng and Xuan Chen and Zhongde Wang",
  TITLE =        "Document Classification \& Clustering Using Support Vector Machine ({SVM})",
  SCHOOL =       "University of Waterloo",
  YEAR =         "2001",
  type =         "SYDE622 Course Project",
  address =      "Ontario, Canada",
  month =        dec,
};

@MASTERSTHESIS{Deng02Jun,
  AUTHOR =       "Henghua Deng",
  TITLE =        "Arrayed Waveguide Grating ({AWG}) and Modeling Methods",
  SCHOOL =       "University of Waterloo",
  YEAR =         "2002",
  type =         "{Ph.D.} Proposal",
  address =      "Ontario, Canada",
  month =        jun,
};

@MASTERSTHESIS{Deng02Oct,
  AUTHOR =       "Henghua Deng",
  TITLE =        "Silicon on Insulator ({SOI}) Polarization Independent Arrayed Waveguide Gratings ({AWG})",
  SCHOOL =       "University of Waterloo",
  YEAR =         "2002",
  type =         "{Ph.D.} Proposal",
  address =      "Ontario, Canada",
  month =        oct,
};

%%%%%%%%%%%%%%%%%%%%%%%
%%%% Contribution %%%%%
%%%%%%%%%%%%%%%%%%%%%%%

@INCOLLECTION{Jessop2007Ch6,
  AUTHOR =       {Andrew P. Knights and Paul E. Jessop},
  TITLE =        {Silicon Waveguides for Integrated Optics},
  BOOKTITLE =    {Optical Waveguides: From Theory to Applied Technologies},
  PUBLISHER =    {CRC Press},
  YEAR =         {2007},
  editor =       {Maria L. Calvo and Vasudevan Lakshminarayanan},
  chapter =      {6},
  pages =        {231-270},
  series =       {Optical Science and Engineering},
  month =        jan # { 19,},
  note =         {{(Henghua Deng contribution to Section 6.3.3 Polarization Control)}},
}

@MASTERSTHESIS{MASc05Brooks,
  AUTHOR =       "Christopher Brooks",
  TITLE =        "Polarization Rotating Waveguides in {SOI}",
  SCHOOL =       "{McMaster} University",
  YEAR =         "2005",
  address =      "Hamilton, Ontario, Canada",
  note =         "{(Henghua Deng contribution to design simulation and Section 4.1)}",
}

@INPROCEEDINGS{OWTNM04Yevick,
  author =       {David Yevick},
  title =        {Numerical Modeling Techniques Applied to Slanted-Angle Rib Waveguides (invited)},
  booktitle =    {Proceedings of The 12th International Workshop on Optical Waveguide Theory and Numerical Modeling},
  year =         {2004},
  editor =       {Peter Bienstman and Lieven Vanholme},
  volume =       { },
  number =       { },
  series =       { },
  pages =        {20},
  address =      {Ghent, Belgium},
  month =        mar # { 22-23,},
  organization = {Ghent University},
  publisher =    { },
  note =         {{(Contributors: Tao Lu, Henghua Deng, Derek Dumas and Magnus Wik)}},
  abstract =     { },
  keywords =     { },
}

@INPROCEEDINGS{IPR04IFA1Yevick,
  AUTHOR =       {David Owen Yevick},
  TITLE =        {Accuracy Issues in Vectorial Optical Waveguide Modeling},
  BOOKTITLE =    {OSA Proc. Integrated Photonics Research Conference (IPR'04)},
  YEAR =         {2004},
  pages =        { },
  address =      {San Francisco, CA},
  month =        jun # { 30-} # jul # { 2,},
  organization = { },
  publisher =    { },
  note =         {Paper IFA1 {(Contributors: Tao Lu, Henghua Deng, Derek Dumas and Magnus Wik)}},
};
