%%%%%%%%%%%%%%%%%%%%%%%
%%%% MMI MZI Thesis %%%
%%%%%%%%%%%%%%%%%%%%%%%

@PHDTHESIS{PhD1998Leuthold,
  AUTHOR =       {Juerg Leuthold},
  TITLE =        {Advanced {Indium-Phosphide} Waveguide {Mach-Zehnder} Interferometer All-Optical
  Switches and Wavelength Converters},
  SCHOOL =       {Swiss Federal Institute of Technology (ETH)},
  YEAR =         {1998},
  address =      {Zurich, Switzerland},
  month =        {},
}

@PHDTHESIS{PhD2012Voigt,
  AUTHOR =       {Karsten Voigt},
  TITLE =        {Interferometric devices based on 4$\mu\mathrm{m}$ {SOI} material for application in optical telecommunications},
  SCHOOL =       {Technischen Universit\"{a}t Berlin},
  YEAR =         {2012},
  address =      {Berlin, Germany},
  month =        feb # { 6,},
}

@PHDTHESIS{PhD2006Arrioja,
  AUTHOR =       {Daniel Alberto May-Arrioja},
  TITLE =        {Integrated {InP} Photonic Switches},
  SCHOOL =       {University of Central Florida},
  YEAR =         {2006},
  address =      {Orlando, Florida},
}

@PHDTHESIS{PhD2005Patent,
  AUTHOR =       {Evgeni Arkad'evich Patent},
  TITLE =        {Optical Self-Switching Effects in {Mach-Zehnder} Interferometers},
  SCHOOL =       {Technische Universiteit Eindhoven},
  YEAR =         {2005},
  address =      {Eindhoven, Netherlands},
  month =        dec # { 19,},
}

@PHDTHESIS{PhD2005Markina,
  AUTHOR =       {Aleksandra Markina},
  TITLE =        {Design and Simulation for the Fabrication of Integrated Semiconductor Optical Logic Gates},
  SCHOOL =       {Massachusetts Institute of Technology},
  YEAR =         {2005},
  address =      {Cambridge, Massachusetts},
  month =        sep,
}

@PHDTHESIS{PhD2011Makovejs,
  AUTHOR =       {Sergejs Makovejs},
  TITLE =        {High-speed optical fibre transmission using advanced modulation formats},
  SCHOOL =       {University College London},
  YEAR =         {2011},
  address =      {London, England},
  month =        jul,
}

%%%%%%%%%%%%%%%%%%%%%%%
%%%% MMI Classics %%%%%
%%%%%%%%%%%%%%%%%%%%%%%

@ARTICLE{JLT95Apr615Soldano,
  AUTHOR =       {Lucas B. Soldano and Erik C. M. Pennings},
  TITLE =        {Optical Multi-Mode Interference Devices Based on Self-Imaging: Principles and Applications},
  JOURNAL =      IEEE_J_JLT,
  YEAR =         {1995},
  volume =       {13},
  number =       {4},
  pages =        {615-627},
  month =        apr,
}

@ARTICLE{JLT94Jun1004Besse,
  AUTHOR =       {Pierre A. Besse and Maurus Bachmann and H. Melchior and L. B. Soldano and M. K. Smit},
  TITLE =        {Optical Bandwidth and Fabrication Tolerances of Multimode Interference Couplers},
  JOURNAL =      IEEE_J_JLT,
  YEAR =         {1994},
  volume =       {12},
  number =       {6},
  pages =        {1004-1009},
  month =        jun,
}

@ARTICLE{AO95Oct6898Bachmann,
  AUTHOR =       {Maurus Bachmann and Pierre A. Besse and H. Melchior},
  TITLE =        {Overlapping-image multimode interference couplers with a reduced number of self-images for uniform and nonuniform power splitting},
  JOURNAL =      {Applied Optics},
  YEAR =         {1995},
  volume =       {34},
  number =       {30},
  pages =        {6898-6910},
  month =        oct,
}

@ARTICLE{AO94Jun3905Bachmann,
  AUTHOR =       {Maurus Bachmann and Pierre A. Besse and H. Melchior},
  TITLE =        {General self-imaging properties in {$N \times N$} multimode interference couplers including phase relations},
  JOURNAL =      {Applied Optics},
  YEAR =         {1994},
  volume =       {33},
  number =       {18},
  pages =        {3905-3911},
  month =        jun,
}

@ARTICLE{AO97Jul5097Paiam,
  AUTHOR =       {Mohammad R. Paiam and Robert I. MacDonald},
  TITLE =        {Design of phased-array wavelength division multiplexers using multimode interference couplers},
  JOURNAL =      {Applied Optics},
  YEAR =         {1997},
  volume =       {36},
  number =       {21},
  pages =        {5097-5108},
  month =        jul,
}

@ARTICLE{PTL99Feb212Heaton,
  AUTHOR =       {John M. Heaton and R. Michael Jenkins},
  TITLE =        {General Matrix Theory of Self-Imaging in Multimode Interference ({MMI}) Couplers},
  JOURNAL =      IEEE_J_PTL,
  YEAR =         {1999},
  volume =       {11},
  number =       {2},
  pages =        {212-214},
  month =        feb,
}

@ARTICLE{RSoft11Jun_MMI90Hyb,
  AUTHOR =       {{RSoft~Design~Group}},
  TITLE =        {90-degree Hybrid Device Design for Coherent Optical Communication Systems},
  JOURNAL =      {{RSoft Review}},
  YEAR =         {2011},
  volume =       {10},
  number =       {1},
  pages =        {},
  month =        jan # {-} # jun,
}

@ARTICLE{APSS03Jul_MMI,
  AUTHOR =       {{Apollo~Photonics~Inc.}},
  TITLE =        {{APSS} Apollo Application Note on Multi-Mode Interference ({MMI}) Devices:
                  design, simulation and layout ({APN-APSS-MMI})},
  JOURNAL =      {Apollo Application Notes},
  YEAR =         {2003},
  volume =       {},
  number =       {},
  pages =        {},
  month =        jul # { 2,},
}

%%%%%%%%%%%%%%%%%%%%%%%
%%% MMI Application %%%
%%%%%%%%%%%%%%%%%%%%%%%

@ARTICLE{JLT09Dec5405Halir,
  AUTHOR =       {Robert Halir and A. Ortega-Mo\~{n}ux and I. Molina-Fern\'{a}ndez and J. G. Wang\"{u}emert-P\'{e}rez
                  and Pavel Cheben and Dan-Xia Xu and Boris Lamontagne and Siegfried Janz},
  TITLE =        {Integrated Optical Six-Port Reflectometer in Silicon on Insulator},
  JOURNAL =      IEEE_J_JLT,
  YEAR =         {2009},
  volume =       {27},
  number =       {23},
  pages =        {5405-5409},
  month =        dec,
}

@ARTICLE{PTL09Nov1600Halir,
  AUTHOR =       {Robert Halir and A. Ortega-Mo\~{n}ux and I. Molina-Fern\'{a}ndez and J. G. Wang\"{u}emert-P\'{e}rez
                  and Pavel Cheben and Dan-Xia Xu and Boris Lamontagne and Siegfried Janz},
  TITLE =        {Compact High-Performance Multimode Interference Couplers in Silicon-on-Insulator},
  JOURNAL =      IEEE_J_PTL,
  YEAR =         {2009},
  volume =       {21},
  number =       {21},
  pages =        {1600-1602},
  month =        nov,
}

@ARTICLE{JLT08Aug2928Halir,
  AUTHOR =       {Robert Halir and I. Molina-Fern\'{a}ndez and A. Ortega-Mo\~{n}ux and
                  J. G. Wang\"{u}emert-P\'{e}rez and Dan-Xia Xu and Pavel Cheben and Siegfried Janz},
  TITLE =        {A Design Procedure for High-Performance, Rib-Waveguide-Based
                  Multimode Interference Couplers in Silicon-on-Insulator},
  JOURNAL =      IEEE_J_JLT,
  YEAR =         {2008},
  volume =       {26},
  number =       {16},
  pages =        {2928-2936},
  month =        aug,
}

%%%%%%%%%%%%%%%%%%%%%%%
%%%% MMI Coherent %%%%%
%%%%%%%%%%%%%%%%%%%%%%%

@ARTICLE{JLT94Jun1004Besse,
  AUTHOR =       {Pierre A. Besse and Maurus Bachmann and H. Melchior and L. B. Soldano and M. K. Smit},
  TITLE =        {Optical Bandwidth and Fabrication Tolerances of Multimode Interference Couplers},
  JOURNAL =      IEEE_J_JLT,
  YEAR =         {1994},
  volume =       {12},
  number =       {6},
  pages =        {1004-1009},
  month =        jun,
}

@ARTICLE{JLT06Mar1317Seimetz,
  AUTHOR =       {Matthias Seimetz and Carl-Michael Weinert},
  TITLE =        {Options, Feasibility, and Availability of $2\times4{\ }90^{\circ}$ Hybrids for Coherent Optical Systems},
  JOURNAL =      IEEE_J_JLT,
  YEAR =         {2006},
  volume =       {24},
  number =       {3},
  pages =        {1317-1322},
  month =        mar,
}
