
%%%%%%%%%%%%%%%%%%%%%%%
%%%   Fundamentals  %%%
%%%%%%%%%%%%%%%%%%%%%%%

@ARTICLE{PNAS00Apr4541Gordon,
  AUTHOR =       "J. P. Gordon and Herwig Kogelnik",
  TITLE =        "{PMD} fundamentals: {Polarization} mode dispersion in optical fibers",
  JOURNAL =      "Proceedings of the National Academy of Science of the United States of America (PNAS)",
  YEAR =         "2000",
  volume =       "97",
  number =       "9",
  pages =        "4541-4550",
  month =        apr # " 25, ",
};

@ARTICLE{OLT82Dec309Jerrard,
  AUTHOR =       "H. G. Jerrard",
  TITLE =        "Modern description of polarized light: matrix methods",
  JOURNAL =      "Optics and Laser Technology",
  YEAR =         "1982",
  volume =       "14",
  number =       "6",
  pages =        "309-319",
  month =        dec,
  source =       "Elsevier Science",
};

%%%%%%%%%%%%%%%%%%%%%%%
%%%  PRW & Periodic %%%
%%%%%%%%%%%%%%%%%%%%%%%

@ARTICLE{APL91Sep1278Shani,
  AUTHOR =       "Y. Shani and R. Alferness and T. Koch and U. Koren and M. Oron and B. I. Miller and M. G. Young",
  TITLE =        "Polarization rotation in asymmetric periodic loaded rib waveguides",
  JOURNAL =      "Appl. Phys. Lett.",
  YEAR =         "1991",
  volume =       "59",
  number =       "11",
  pages =        "1278-1280",
  month =        sep,
  day =          "9th",
};

@ARTICLE{JLT92Dec1825Huang,
  AUTHOR =       "W.-P. Huang and Z. M. Mao",
  TITLE =        "Polarization rotation in periodic loaded rib waveguides",
  JOURNAL =      IEEE_J_JLT,
  YEAR =         "1992",
  volume =       "10",
  number =       "12",
  pages =        "1825-1831",
  month =        dec,
};

@ARTICLE{JQE93Apr1168Gustavsson,
  AUTHOR =       "Mats Gustavsson",
  TITLE =        "Analysis of polarization independent optical amplifiers and filters based on
                  polarization rotation in periodically asymmetric waveguides",
  JOURNAL =      IEEE_J_JQE,
  YEAR =         "1993",
  volume =       "29",
  number =       "4",
  pages =        "1168-1178",
  month =        apr,
};

@ARTICLE{PTL93Jul809Mustieles,
  AUTHOR =       "F. J. Mustieles and E. Ballesteros and F. Hern{\'{a}}ndez-Gil",
  TITLE =        "Multimodal Analysis Method for the Design of Passive {TE/TM} Converters in Integrated Waveguides",
  JOURNAL =      IEEE_J_PTL,
  YEAR =         "1993",
  volume =       "5",
  number =       "7",
  pages =        "809-811",
  month =        jul,
};

@ARTICLE{PTL02Sep1288Ando,
  AUTHOR =       "Takashi Ando and Toshiyuki Murata and Hiroki Nakayama and Junji Yamauchi and Hisamatsu Nakano",
  TITLE =        "Analysis and Measurement of Polarization Conversion in a Periodically Loaded Dielectric Waveguide",
  JOURNAL =      IEEE_J_PTL,
  YEAR =         "2002",
  volume =       "14",
  number =       "9",
  pages =        "1288-1290",
  month =        sep,
};

@ARTICLE{PTL95Jan32Tol,
  AUTHOR =       "J. J. G. M. van der Tol and F. Hakimzadeh and J. W. Pedersen and D. Li and H. van Brug",
  TITLE =        "A new short and low-loss passive polarization converter on {InP}",
  JOURNAL =      IEEE_J_PTL,
  YEAR =         "1995",
  volume =       "7",
  number =       "1",
  pages =        "32-34",
  month =        jan,
};

@ARTICLE{PTL95Aug893Tol,
  AUTHOR =       "J. J. G. M. van der Tol and J. W. Pedersen and E. G. Metaal and F. Hakimzadeh
                  and Y. S. Oei and F. H. Groen and I. Moerman",
  TITLE =        "Realization of a short integrated optic passive polarization converter",
  JOURNAL =      IEEE_J_PTL,
  YEAR =         "1995",
  volume =       "7",
  number =       "8",
  pages =        "893-895",
  month =        aug,
};

@ARTICLE{PTL92Jan34Heidrich,
  AUTHOR =       "H. Heidrich and P. Albrecht and M. Hamacherm and Hans-Peter Nolting and H. Schroeter-Jan{$\beta$}en and C. M. Weinert",
  TITLE =        "Passive Mode Converter with a Periodically Titlted {InP/GaInAsP} Rib Waveguide",
  JOURNAL =      IEEE_J_PTL,
  YEAR =         "1992",
  volume =       "4",
  number =       "1",
  pages =        "34-36",
  month =        jan,
};

@ARTICLE{PTL93Mar324Weinert,
  AUTHOR =       "C. M. Weinert and H. Heidrich",
  TITLE =        "Vectorial Simulation of Passive {TE/TM} Mode Converter Devices on {InP}",
  JOURNAL =      IEEE_J_PTL,
  YEAR =         "1993",
  volume =       "5",
  number =       "3",
  pages =        "324-326",
  month =        mar,
};

@ARTICLE{OQE97p313Li,
  AUTHOR =       "D. Li and H. van Brug and H. J. Frankena",
  TITLE =        "Application of a fully vectorial beam propagation method",
  JOURNAL =      "Optical and Quantum Electronics",
  YEAR =         "1997",
  volume =       "29",
  number =       " ",
  pages =        "313-322",
  month =        " ",
};

@ARTICLE{PTL03Sep1237Xia,
  AUTHOR =       "Jingsong Xia and Jinzhong Yu",
  TITLE =        "New finite-difference scheme for simulations of step-index waveguides with tile interfaces",
  JOURNAL =      IEEE_J_PTL,
  YEAR =         "2003",
  volume =       "15",
  number =       "9",
  pages =        "1237-1239",
  month =        sep,
};

@ARTICLE{MOTL02Jun401Djurdjevic,
  AUTHOR =       "D. Z. Djurdjevic and P. Sewell and T. M. Benson and A. Vukovic",
  TITLE =        "Highly Efficient Finite-Difference Schemes for Structures of Nonrectangular Cross-Section",
  JOURNAL =      "Microwave and Optical Technology Letters",
  YEAR =         "2002",
  volume =       "33",
  number =       "6",
  pages =        "401-407",
  month =        jun # " 20, ",
};

@ARTICLE{ECJ02Dec1Ando,
  AUTHOR =       "Takashi Ando and Hiroki Nakayama and Junji Yamauchi and Hisamatsu Nakano",
  TITLE =        "Optical Waveguide Analysis Using a {Yee}-Lattice-Based Modified
                  Finite-Difference Formula for an Arbitrary Dielectric Interface",
  JOURNAL =      "Electronics and Communications in Japan, Part 2",
  YEAR =         "2002",
  volume =       "85",
  number =       "12",
  pages =        "1-9",
  month =        dec,
};

@ARTICLE{JLT95Oct2087Mertens,
  AUTHOR =       "Konrad Mertens and B. Scholl and Hans J. Schmitt",
  TITLE =        "New Highly Efficient Polarization Converters Based on Hybrid Supermodes",
  JOURNAL =      IEEE_J_JLT,
  YEAR =         "1995",
  volume =       "13",
  number =       "10",
  pages =        "2087-2092",
  month =        oct,
};

@ARTICLE{PTL98Aug1133Mertens,
  AUTHOR =       "K. Mertens and B. Scholl and H. J. Schmitt",
  TITLE =        "Strong Polarization Conversion in Periodically mLoaded Strip Waveguides",
  JOURNAL =      IEEE_J_PTL,
  YEAR =         "1998",
  volume =       "10",
  number =       "8",
  pages =        "1133-1135",
  month =        aug,
};

@ARTICLE{PTL98Mar388Mertens,
  AUTHOR =       "K. Mertens and B. Opitz and R. H{\"{o}}vel and K. Heime and H. J. Schmitt",
  TITLE =        "First Realized Polarization Converter Based on Hybrid Supermodes",
  JOURNAL =      IEEE_J_PTL,
  YEAR =         "1998",
  volume =       "10",
  number =       "3",
  pages =        "388-390",
  month =        mar,
};

@ARTICLE{PTL98Sep1295Lang,
  AUTHOR =       "Thiemo Lang and Friedrich Bahnm{\"{u}}ller and Pierre Benech",
  TITLE =        "New Passive Polarization Converter on Glass Substrate",
  JOURNAL =      IEEE_J_PTL,
  YEAR =         "1998",
  volume =       "10",
  number =       "9",
  pages =        "1295-1297",
  month =        sep,
};

@ARTICLE{PTL00Oct1346Obayya,
  AUTHOR =       "Salah S. A. Obayya and B. M. A. Rahman and Hamdi A. El-Mikati",
  TITLE =        "Vector Beam Propagation Analysis of Polarization Conversion in Periodically Loaded Waveguides",
  JOURNAL =      IEEE_J_PTL,
  YEAR =         "2000",
  volume =       "12",
  number =       "10",
  pages =        "1346-1348",
  month =        oct,
};

@ARTICLE{JQE81Jun946Alferness,
  AUTHOR =       "Rod C. Alferness",
  TITLE =        "Guided-Wave Devices for Optical Communication (invited paper)",
  JOURNAL =      IEEE_J_JQE,
  YEAR =         "1981",
  volume =       "QE-17",
  number =       "6",
  pages =        "946-959",
  month =        jun,
};

@ARTICLE{APL85Dec1137Alferness,
  AUTHOR =       "Rod C. Alferness and L. L. Buhl",
  TITLE =        "Low loss, wavelength tunable, waveguide electro-optic polarization
                  controller for $\lambda=1.32\mu m$",
  JOURNAL =      "Appl. Phys. Lett.",
  YEAR =         "1985",
  volume =       "47",
  number =       "11",
  pages =        "1137-1139",
  month =        dec,
};

@ARTICLE{APL81May655Alferness,
  AUTHOR =       "Rod C. Alferness and L. L. Buhl",
  TITLE =        "Waveguide electro-optic polarization transformer",
  JOURNAL =      "Appl. Phys. Lett.",
  YEAR =         "1981",
  volume =       "38",
  number =       "9",
  pages =        "655-657",
  month =        may,
};

@ARTICLE{APL76Jan75Yamanouchi,
  AUTHOR =       "Kazuhiko Yamanouchi and Kanji Higuchi and Kimio Shibayama",
  TITLE =        "{TE}-{TM} mode conversion by interaction between elastic surface waves
                  and a laser beam on a metal-diffused optical waveguide",
  JOURNAL =      "Appl. Phys. Lett.",
  YEAR =         "1976",
  volume =       "28",
  number =       "2",
  pages =        "75-77",
  month =        jan,
};

@ARTICLE{JQE80Jun628Yamanouchi,
  AUTHOR =       "Kazuhiko Yamanouchi and Koichi Wakazono and Kimio Shibayama",
  TITLE =        "Optical Surface Wave Mode Converters and Modulators Utilizing Static Strain-Optica Effects",
  JOURNAL =      IEEE_J_JQE,
  YEAR =         "1980",
  volume =       "QE-16",
  number =       "6",
  pages =        "628-634",
  month =        jun,
};

@ARTICLE{PTL05Jan100Kiyat,
  AUTHOR =       "Isa Kiyat and Atilla Aydinli and Nadir Dagli",
  TITLE =        "A Compact Silicon-on-Insulator Polarization Splitter",
  JOURNAL =      IEEE_J_PTL,
  YEAR =         "2005",
  volume =       "17",
  number =       "1",
  pages =        "100-102",
  month =        jan,
};

@ARTICLE{PTL05Feb393Liang,
  AUTHOR =       "T. K. Liang and H. K. Tsang",
  TITLE =        "Integrated Polarization Beam Splitter in High Index
                  Contrast Silicon-on-Insulator Waveguides",
  JOURNAL =      IEEE_J_PTL,
  YEAR =         "2005",
  volume =       "17",
  number =       "2",
  pages =        "393-395",
  month =        feb,
};

@ARTICLE{OpEx99Oct163Nordin,
  AUTHOR =       "Gregory P. Nordin and Panfilo C. Deguzman",
  TITLE =        "Broadband form birefringent quarter-wave plate for the mid-infrared wavelength region",
  JOURNAL =      "OSA Optics Express",
  YEAR =         "1999",
  volume =       "5",
  number =       "8",
  pages =        "163-168",
  month =        oct # " 11, ",
};

@ARTICLE{OQE04May559Wang,
  AUTHOR =       "Wenhui Wang and Yanzhe Tang and Yunxiang Wang and Hongchang Qu and Yaming Wu
                  and Tie Li and Jianyi Yang and Yuelin Wang and Ming Liu",
  TITLE =        "Etched-diffraction-grating-based planar waveguide demultiplexer on silicon-on-insulator",
  JOURNAL =      "Optical and Quantum Electronics",
  YEAR =         "2004",
  volume =       "36",
  number =       " ",
  pages =        "559-566",
  month =        may,
};

@ARTICLE{OL03Jul1150Lardenois,
  AUTHOR =       "S. Lardenois and D. Pascal and L. Vivien and E. Cassan and S. Laval and R. Orobtchouk
                  and M. Heitzmann and N. Bouzaida and L. Mollard",
  TITLE =        "Low-loss submicrometer silicon-on-insulator rib waveguides and corner mirrors",
  JOURNAL =      "Optics Letters",
  YEAR =         "2003",
  volume =       "28",
  number =       "13",
  pages =        "1150-1152",
  month =        jul # " 1, ",
};

%%%%%%%%%%%%%%%%%%%%%%%
%%%  PRW & Bending  %%%
%%%%%%%%%%%%%%%%%%%%%%%

@ARTICLE{PTL96Oct1346Dam,
  AUTHOR =       "Cornelis van Dam and L. H. Spickman and F. P. G. M. van Ham and F. H. Groen
                 and J. J. G. M. van der Tol and I. Moerman and W. W. Pascher and M. Hamacher
                 and H. Heidrich and C. M. Weinert and Meint K. Smit",
  TITLE =        "Novel Compact Polarization Converters Based on Ultra Short Bends",
  JOURNAL =      IEEE_J_PTL,
  YEAR =         "1996",
  volume =       "8",
  number =       "10",
  pages =        "1346-1348",
  month =        oct,
};

@ARTICLE{JLT98May910Lui,
  AUTHOR =       "Wayne W. Lui and C.-L. Xu and Takuo Hirono and Kiyoyuki Yokoyama and Wei-Ping Huang",
  TITLE =        "Full-Vectorial Wave Propagation in Semiconductor Optical Bending Waveguides
                  and Equivalent Straight Waveguide Approximations",
  JOURNAL =      IEEE_J_JLT,
  YEAR =         "1998",
  volume =       "16",
  number =       "5",
  pages =        "910-914",
  month =        may,
};

@ARTICLE{JLT98May929Lui,
  AUTHOR =       "Wayne W. Lui and Takuo Hirono and Kiyoyuki Yokoyama and Wei-Ping Huang",
  TITLE =        "Polarization Rotation in Semiconductor Bending Waveguides: A Coupled-Mode Theory Formulation",
  JOURNAL =      IEEE_J_JLT,
  YEAR =         "1998",
  volume =       "16",
  number =       "5",
  pages =        "929-936",
  month =        may,
};

@ARTICLE{PTL97Oct1379Lui,
  AUTHOR =       "Wayne W. Lui and K. Magari and N. Yoshimoto and S. Oku and T. Hirono and K. Yokoyama and W.-P. Huang",
  TITLE =        "Modeling and Design of Bending Waveguide Based Semiconductor Polarization Rotators",
  JOURNAL =      IEEE_J_PTL,
  YEAR =         "1997",
  volume =       "9",
  number =       "10",
  pages =        "1379-1381",
  month =        oct,
};

@ARTICLE{JLT98May915Deng,
  AUTHOR =       "Hua Deng and Guang Hai Jin and Joseph Harari and Jean Pierre Vilcot and Didier Decoster",
  TITLE =        "Investigation of {3-D} Semivectorial Finite-Difference
                  Beam Propagation Method for Bent Waveguides",
  JOURNAL =      IEEE_J_JLT,
  YEAR =         "1998",
  volume =       "16",
  number =       "5",
  pages =        "915-922",
  month =        may,
};

@ARTICLE{PTL00Apr401Little,
  AUTHOR =       "Brent E. Little and Sai T. Chu",
  TITLE =        "Theory of Polarization Rotation and Converqion in Vertically Coupled Microsesonators",
  JOURNAL =      IEEE_J_PTL,
  YEAR =         "2000",
  volume =       "12",
  number =       "4",
  pages =        "401-403",
  month =        apr,
};

@ARTICLE{PTL00Mar320Hryniewicz,
  AUTHOR =       "J. V. Hryniewicz and P. P. Absil and Brent E. Little and R. A. Wilson and P.-T. Ho",
  TITLE =        "High Order Filter Response in Coupled Microring Resonators",
  JOURNAL =      IEEE_J_PTL,
  YEAR =         "2000",
  volume =       "12",
  number =       "3",
  pages =        "320-322",
  month =        mar,
};

@ARTICLE{PTL01Jul681Obayya,
  AUTHOR =       "Salah S. A. Obayya and B. M. Azizur Rahman and Kenneth T. V. Grattan and Hamdi A. El-Mikati",
  TITLE =        "Beam Propagation Modeling of Polarization Rotation in Deeply Etched Semiconductor Bent Waveguides",
  JOURNAL =      IEEE_J_PTL,
  YEAR =         "2001",
  volume =       "13",
  number =       "7",
  pages =        "681-683",
  month =        jul,
};

@ARTICLE{AO01Oct5395Obayya,
  AUTHOR =       "Salah S. A. Obayya and B. M. Azizur Rahman and Kenneth T. V. Grattan and Hamdi A. El-Mikati",
  TITLE =        "Improved design of a polarization converter based on semiconductor optical waveguide bends",
  JOURNAL =      "Applied Optics",
  YEAR =         "2001",
  volume =       "40",
  number =       "30",
  pages =        "5395-5401",
  month =        oct,
};

@ARTICLE{AO00Sep4946Rajarajan,
  AUTHOR =       "Muttukrishnan Rajarajan and Salah S. A. Obayya and B. M. Azizur Rahman
                  and Kenneth T. V. Grattan and Hamdi A. El-Mikati",
  TITLE =        "Design of compact optical bends with a trench by use of
                  finite-element and beam-propagation methods",
  JOURNAL =      "Applied Optics",
  YEAR =         "2000",
  volume =       "39",
  number =       "27",
  pages =        "4946-4953",
  month =        sep,
};

@ARTICLE{PTL99Jul788Kitamura,
  AUTHOR =       "Shotaro Kitamura and Hiroshi Hatakeyama and Takemasa Tamanuki and
                  Tatsuya Sasaki and Keiro Komatsu and Masayuki Yamaguchi",
  TITLE =        "Angled-Facet {S}-Bend Semiconductor Optical Amplifiers for
                  High-Gain and Large-Extinction Ratio",
  JOURNAL =      IEEE_J_PTL,
  YEAR =         "1999",
  volume =       "11",
  number =       "7",
  pages =        "788-790",
  month =        jul,
};

@ARTICLE{APL90Dec2396Deri,
  AUTHOR =       "Robert J. Deri and A. Shahar and E. Colas and R. N. Thurston
                  and W. J. Tomlinson and A. Yi-Yan and M. Seto",
  TITLE =        "Single-mode semiconductor optical waveguides with large dimensions
                  suitable for compact bend applications",
  JOURNAL =      "Appl. Phys. Lett.",
  YEAR =         "1990",
  volume =       "57",
  number =       "23",
  pages =        "2396-2398",
  month =        dec,
  day =          "3rd",
};

@ARTICLE{JQE91Mar626Deri,
  AUTHOR =       "Robert J. Deri and Eli Kapon",
  TITLE =        "Low-Loss {III-V} Semiconductor Optical Waveguides (invited paper)",
  JOURNAL =      IEEE_J_JQE,
  YEAR =         "1991",
  volume =       "27",
  number =       "3",
  pages =        "626-640",
  month =        mar,
};

%%%%%%%%%%%%%%%%%%%%%%%
%%%PRW Slanted-Facet%%%
%%%%%%%%%%%%%%%%%%%%%%%

@ARTICLE{OC96Jun7Tzolov,
  AUTHOR =       "Velko P. Tzolov and Marie Fontaine",
  TITLE =        "A passive polarization converter free of longitudinally-periodic structure",
  JOURNAL =      "Optics Communications",
  YEAR =         "1996",
  volume =       "127",
  number =       " ",
  pages =        "7-13",
  month =        jun,
  day =          "1",
};

@ARTICLE{JAP95Jan1Tzolov,
  AUTHOR =       "Velko P. Tzolov and Marie Fontaine",
  TITLE =        "Theoretical analysis of birefringence and form-induced polarization mode
                  dispersion in birefringent optical fibers: A full-vectorial approach",
  JOURNAL =      "J. Appl. Phys.",
  YEAR =         "1995",
  volume =       "77",
  number =       "1",
  pages =        "1-6",
  month =        jan,
  day =          "1st",
};

@ARTICLE{PTL00Mar317Huang,
  AUTHOR =       "Johnny Zhengyu Huang and Robert Scarmozzino and G. Nagy and M. J. Steel and Richard M. {Osgood, Jr.}",
  TITLE =        "Realization of a Compact and Single-Mode Optical Passive Polarization Converter",
  JOURNAL =      IEEE_J_PTL,
  YEAR =         "2000",
  volume =       "12",
  number =       "3",
  pages =        "317-319",
  month =        mar,
};

@PHDTHESIS{PhD99Huang,
  AUTHOR =       "Zhengyu Huang",
  TITLE =        "Design and fabrication of integrated optical waveguide devices",
  SCHOOL =       "Columbia University",
  YEAR =         "1999",
  address =      "New York, NY",
};

@ARTICLE{JLT01Apr512Rahman,
  AUTHOR =       "B. M. Azizur Rahman and Salah S. A. Obayya and N. Somasiri and Muttukrishnan Rajarajan
                  and Kenneth T. V. Grattan and H. A. El-Mikathi",
  TITLE =        "Design and Characterization of Compact Single-Section Passive Polarization Rotator",
  JOURNAL =      IEEE_J_JLT,
  YEAR =         "2001",
  volume =       "19",
  number =       "4",
  pages =        "512-519",
  month =        apr,
};

@ARTICLE{JLT02Apr751Somasiri,
  AUTHOR =       "N. Somasiri and B. M. Azizur Rahman and Salah S. A. Obayya",
  TITLE =        "Fabrication Tolerance Study of a Compact Passive Polarization Rotator",
  JOURNAL =      IEEE_J_JLT,
  YEAR =         "2002",
  volume =       "20",
  number =       "4",
  pages =        "751-757",
  month =        apr,
};

@ARTICLE{OQE03Mar297Obayya,
  AUTHOR =       "Salah S. A. Obayya and N. Somasiri and B. M. Azizur Rahman and Kenneth T. V. Grattan",
  TITLE =        "Full vectorial finite element modeling of novel polarization rotator",
  JOURNAL =      "Optical and Quantum Electronics",
  YEAR =         "2003",
  volume =       "35",
  number =       "3",
  pages =        "297-312",
  month =        mar,
};

@ARTICLE{PTL02Aug1109Rahman,
  AUTHOR =       "B. M. Azizur Rahman and N. Somasiri and M. Windmann",
  TITLE =        "Polarization Crosstalk in High Index Contrast Planar Silica Waveguides",
  JOURNAL =      IEEE_J_PTL,
  YEAR =         "2002",
  volume =       "14",
  number =       "8",
  pages =        "1109-1111",
  month =        aug,
};

@ARTICLE{JOSAA00Jun1124Vincetti,
  AUTHOR =       "Luca Vincetti and Annamaria Cucinotta and Stefano Selleri and Maurizio Zoboli",
  TITLE =        "Three-dimensional finite-element beam propagation method: assessments and developments",
  JOURNAL =      "J. Opt. Soc. Am. A",
  YEAR =         "2000",
  volume =       "17",
  number =       "6",
  pages =        "1124-1131",
  month =        jun,
};

@ARTICLE{PTL03Jul915Correia,
  AUTHOR =       "D. Correia and J. P. da Silva and H. E. Hern{\'{a}}ndez-Figueroa",
  TITLE =        "Genetic algorithm and finite-element design of short single-section passive polarization converter",
  JOURNAL =      IEEE_J_PTL,
  YEAR =         "2003",
  volume =       "15",
  number =       "7",
  pages =        "915-917",
  month =        jul,
};

@INPROCEEDINGS{Benelux00Oct227Zhu,
  AUTHOR =       "You Cai Zhu and F. H. Groen and D. H. P. Maat and X. J. M. Leijtens and Meint K. Smit",
  TITLE =        "Design of a short polarization converter on {InP/InGaAsP} using asymmetrical waveguides",
  BOOKTITLE =    "Proceedings 2000 IEEE/LEOS Symposium Benelux Chapter",
  YEAR =         "2000",
  pages =        "227-230",
  address =      "Delft University of Technology, The Netherlands",
  month =        oct # " 30,",
  ISBN =         "90900142606",
};

@INPROCEEDINGS{Benelux01Dec209Zhu,
  AUTHOR =       "You Cai Zhu and F. H. Groen and X. J. M. Leijtens and J. J. G. M. van der Tol",
  TITLE =        "Single-section Polarisation Converter on {InP/InGaAsP} using asymmetrical waveguides",
  BOOKTITLE =    "Proceedings 2001 IEEE/LEOS Symposium Benelux Chapter",
  YEAR =         "2001",
  pages =        "209-212",
  address =      "Vrije Universiteit Brussel, Belgium",
  month =        dec # " 3,",
  ISBN =         "90-5487247-0",
};

@INPROCEEDINGS{Benelux04Dec115Zhu,
  AUTHOR =       "You Cai Zhu and Uzma Khalique and J. J. G. M. van der Tol and E. J. Geluk
                  and Fokke H. Groen and F. Karouta and Meint K. Smit",
  TITLE =        "Ultrashort polarization converter on {InP/InGaAsP}",
  BOOKTITLE =    "Proceedings 2004 IEEE/LEOS Symposium Benelux Chapter",
  YEAR =         "2004",
  pages =        "115-118",
  address =      "Ghent University, Belgium",
  month =        dec # " 2-3,",
};

@INPROCEEDINGS{Benelux04Dec131Khalique,
  AUTHOR =       "Uzma Khalique and You Cai Zhu and J. J. G. M. van der Tol and Luc M. Augustin
                  and Rabah Hanfoug and Fokke H. Groen and Michel van de Moosdijk
                  and Wim de Laat and Klaus Simon and P. J. van Veldhoven and Meint K. Smit",
  TITLE =        "Polarization Converter on {InP/InGaAsP} Fabricated with Optical Reduction Wafer Stepper",
  BOOKTITLE =    "Proceedings 2004 IEEE/LEOS Symposium Benelux Chapter",
  YEAR =         "2004",
  pages =        "131-134",
  address =      "Ghent University, Belgium",
  month =        dec # " 2-3,",
};

@INPROCEEDINGS{ECIO03Apr141Groen,
  AUTHOR =       "F. H. Groen and You Cai Zhu and J. J. G. M. van der Tol",
  TITLE =        "Compact Polarisation converter in {InP/InGaAsP} using an asymmetrical waveguide",
  BOOKTITLE =    "11th European Conference on Integrated Optics (ECIO'03)",
  YEAR =         "2003",
  editor =       "J. Ctyroky and M. Hubalek and F. Ondracek",
  pages =        "141-144",
  address =      "Czech Technical University in Prague",
  month =        apr # " 2-4, ",
  organization = " ",
  publisher =    " ",
};

@INPROCEEDINGS{ECIO05Zhu,
  AUTHOR =       "You Cai Zhu and Uzma Khalique and J. J. G. M. van der Tol and E. J. Geluk
                  and F. H. Groen and F. Karouta and Meint K. Smit",
  TITLE =        "Ultrashort, Highly Effiecient Integrated Optical Polarization Converter",
  BOOKTITLE =    "12th European Conference on Integrated Optics ({ECIO}'05)",
  YEAR =         "2005",
  pages =        "96-99",
  address =      "Grenoble, France",
  month =        apr #" 6-8, ",
  organization = " ",
  publisher =    " ",
  note =         "Paper WeB1-2",
};

@INPROCEEDINGS{IPRA05Khalique,
  AUTHOR =       "Uzma Khalique and You Cai Zhu and J. J. G. M. van der Tol and Luc M. Augustin
                  and Rabah Hanfoug and Fokke H. Groen and P. J. van Veldhoven and Meint K. Smit
                  and Michel van de Moosdijk and Wim de Laat and Klaus Simon",
  TITLE =        "Ultrashort Polarization Converter on {InP/InGaAsP} Fabricated by Optical Lithography",
  BOOKTITLE =    "Integrated Photonics Research and Applications topical meeting (IPRA'05)",
  YEAR =         "2005",
  pages =        "1-3",
  address =      "San Diego, CA",
  month =        apr #" 11-13, ",
  organization = " ",
  publisher =    " ",
  note =         "Paper IWA3",
};
%% IEEEtran.bst supports a paper field.

@ARTICLE{PTL-14973-2005,
  AUTHOR =       "Uzma Khalique and You Cai Zhu and Jos J. G. M. van der Tol and Luc M. Augustin
                  and Rabah Hanfoug and Fokke H. Groen and P. J. van Veldhoven and
                  Michel van de Moosdijk and Wim de Laat and Klaus Simon and Meint K. Smit",
  TITLE =        "Ultrashort Integrated Polarization Converter Fabricated by Optical Lithography",
  JOURNAL =      IEEE_J_PTL,
  YEAR =         "submitted",
  volume =       " ",
  number =       " ",
  pages =        " ",
  month =        " ",
};

@INPROCEEDINGS{IPR01ITuB5El-Refaei,
  AUTHOR =       "Hatem El-Refaei and David Yevick",
  TITLE =        "Compact {InGaAsP/InP} polarization rotator",
  BOOKTITLE =    "OSA Proc. Integrated Photonics Research Conf. ({IPR}'01)",
  YEAR =         "2001",
  pages =        " ",
  address =      "Monterey, CA",
  month =        jul,
  organization = " ",
  note =         "{ITuB5/1:3}",
};
%% IEEEtran.bst supports a paper field: paper = "ItUB5/1:3",

@ARTICLE{JLT03Jun1544El-Refaei,
  AUTHOR =       "Hatem El-Refaei and David Yevick",
  TITLE =        "An optimized {InGaAsP/InP} polarization converter employing asymmetric rib waveguides",
  JOURNAL =      IEEE_J_JLT,
  YEAR =         "2003",
  volume =       "21",
  number =       "6",
  pages =        "1544-1548",
  month =        jun,
};

@ARTICLE{JLT04May1352El-Refaei,
  AUTHOR =       "Hatem El-Refaei and David Yevick and Trevor Jones",
  TITLE =        "Slanted-rib waveguide {InGaAsP-InP} polarization converters",
  JOURNAL =      IEEE_J_JLT,
  YEAR =         "2004",
  volume =       "22",
  number =       "5",
  pages =        "1352-1357",
  month =        may,
};

@ARTICLE{JLT03Aug1793Lu,
  AUTHOR =       "Tao Lu and David Yevick",
  TITLE =        "A vectorial boundary element method analysis of integrated optical waveguides",
  JOURNAL =      IEEE_J_JLT,
  YEAR =         "2003",
  volume =       "21",
  number =       "8",
  pages =        "1793-1807",
  month =        aug,
};
