
%%%%%%%%%%%%%%%%%%%%%%%
%%%%%  SPR Thesis %%%%%
%%%%%%%%%%%%%%%%%%%%%%%

@MASTERSTHESIS{MASc2004ChenKP_NTU_SPR_Biosensor,
  AUTHOR =       {Kuo-Ping Chen},
  TITLE =        {Design and Fabrication of Optical Thin Film for {SPR} Bio-Sensor Chip},
  SCHOOL =       {National Taiwan University},
  YEAR =         {2004},
  address =      {Taipei, Taiwan},
  month =        jun,
  source =       {Chii-Wann Lin},
}

@MASTERSTHESIS{MASc2004Breukelaar_Ottawa_SPP,
  AUTHOR =       {Ian G. Breukelaar},
  TITLE =        {Surface Plasmon-Polaritons in Thin Metal Strips and Slabs:
                  Waveguiding and Mode Cutoff},
  SCHOOL =       {University of Ottawa},
  YEAR =         {2004},
  address =      {Ottawa, Canada},
  month =        sep # {15,},
}

@PHDTHESIS{PhD2000Voigt_Amsterdam_Evanescent_Atom,
  AUTHOR =       {Dirk Voigt},
  TITLE =        {Evanescent-Wave Mirrors for Cold Atoms},
  SCHOOL =       {Universiteit van Amsterdam},
  YEAR =         {2000},
  address =      {Amsterdam, The Netherlands},
  month =        dec,
  note =         {{ISBN 90-6464-438-1}},
}

@PHDTHESIS{PhD2006Hogstrom_Uppsala_SPR_Periodic,
  AUTHOR =       {Herman H\"{o}gstr\"{o}m},
  TITLE =        {Optical Studies of Periodic Microstructures in Polar Materials},
  SCHOOL =       {Uppsala University},
  YEAR =         {2006},
  address =      {Uppsala, Sweden},
  month =        may,
  note =         {{ISBN 91-554-6578-1}},
}

%%%%%%%%%%%%%%%%%%%%%%%
%%SPR Review&Classics%%
%%%%%%%%%%%%%%%%%%%%%%%

@ARTICLE{OPN06Jul25Fainman_SP_Nanophotonics,
  AUTHOR =       {Yeshaiahu Fainman and Kevin Tetz and Rostislav Rokitski and Lin Pang},
  TITLE =        {Surface Plasmonic Fields in Nanophotonics},
  JOURNAL =      {Optics and Photonics News},
  YEAR =         {2006},
  volume =       {17},
  number =       {7},
  pages =        {25-29},
  month =        jul,
}

@ARTICLE{OPN02Aug26Halas_Metal_Nanoshell,
  AUTHOR =       {Naomi Halas},
  TITLE =        {The Optical Properties of Nanoshells},
  JOURNAL =      {Optics and Photonics News},
  YEAR =         {2002},
  volume =       {13},
  number =       {8},
  pages =        {26-30},
  month =        aug,
}

@ARTICLE{Nature03Aug824Barnes_SPR_Subwave,
  AUTHOR =       {William L. Barnes and Alain Dereux and Thomas W. Ebbesen},
  TITLE =        {Surface plasmon subwavelength optics},
  JOURNAL =      {Nature},
  YEAR =         {2003},
  volume =       {424},
  number =       {14},
  pages =        {824-830},
  month =        aug,
}

@ARTICLE{PhysRep05Mar131Zayats_SPP_Nano,
  AUTHOR =       {Anatoly V. Zayatsa and Igor I. Smolyaninovb and Alexei A. Maradudinc},
  TITLE =        {Nano-optics of surface plasmon polaritons},
  JOURNAL =      {Physics Reports 408 (2005) 131¨C314},
  YEAR =         {2005},
  volume =       {408},
  number =       { },
  pages =        {131-314},
  month =        mar,
}

@ARTICLE{ZPhys68Aug398Otto_SP_Ag_FTIR,
  AUTHOR =       {Andreas Otto},
  TITLE =        {Excitation of Nonradiative Surface Plasma Waves in Silver
                  by the Method of Frustrated Total Reflection},
  JOURNAL =      {Zeitschrift fur Physik},
  YEAR =         {1968},
  volume =       {216},
  number =       { },
  pages =        {398-410},
  month =        aug,
}

@ARTICLE{ZPhys69Aug346Kretschmann_SPR,
  AUTHOR =       {Erwin Kretschmann},
  TITLE =        {Die Bestimmung der optischen Konstanten dunner Schichten in der Nahe der
                  Plasmafrequenz aus Kurvenfeldern konstanter Transmission},
  JOURNAL =      {Z. Physik},
  YEAR =         {1969},
  volume =       {221},
  number =       { },
  pages =        {346-356},
  month =        { },
}

@ARTICLE{ZPhys71Aug313Kretschmann_SPR,
  AUTHOR =       {Erwin Kretschmann},
  TITLE =        {Die Bestimmung optischer Konstanten von Metallen durch
                  Anregung von Oberflachenplasmaschwingungen},
  JOURNAL =      {Z. Physik},
  YEAR =         {1971},
  volume =       {241},
  number =       { },
  pages =        {313-324},
  month =        { },
}

@ARTICLE{ZNat68Kretschmann_Raether_SPR,
  AUTHOR =       {Erwin Kretschmann and Heinz Raether},
  TITLE =        {Radiative Decay of Non-Radiative Surface Plasmons Excited by Light},
  JOURNAL =      {Zeitschrift Fur Naturforschung},
  YEAR =         {1968},
  volume =       {23A},
  number =       { },
  pages =        {2135-2136},
  month =        { },
  source =       {CISTI},
}

@PROCEEDINGS{SNB99Jan1_SPR_Special_Issue,
  TITLE =        {Special Issue of Sensors and Actuators B on Surface Plasmon Resonance ({SPR}) Sensor Technology},
  YEAR =         {1999},
  editor =       {Sinclair S. Yee and Ji\v{r}\'{\i} Homola and G\"{u}nter Gauglitz},
  publisher =    {Elsevier B.V.},
  volume =       {54},
  number =       {1},
  series =       { },
  organization = { },
  address =      { },
  month =        jan,
}

@ARTICLE{SNB99Jan3Homola_SPR_Review,
  AUTHOR =       {Ji\v{r}\'{\i} Homola and Sinclair S. Yee and G\"{u}nter Gauglitz},
  TITLE =        {Surface plasmon resonance sensors: review},
  JOURNAL =      {Sensors and Actuators B},
  YEAR =         {1999},
  volume =       {54},
  number =       { },
  pages =        {3-15},
  month =        jan,
}

@ARTICLE{SNB99Jan16Homola_SPR_Sensitivity,
  AUTHOR =       {Ji\v{r}\'{\i} Homola and Ivo Koudela and Sinclair S. Yee},
  TITLE =        {Surface plasmon resonance sensors based on diffraction gratings and prism couplers: sensitivity comparison},
  JOURNAL =      {Sensors and Actuators B},
  YEAR =         {1999},
  volume =       {54},
  number =       { },
  pages =        {16-24},
  month =        jan,
}

@ARTICLE{OQE91Jan1Welford_SPP_Review,
  AUTHOR =       {Kevin Welford},
  TITLE =        {Surface plasmon-polaritons and their uses},
  JOURNAL =      {Optical and Quantum Electronics},
  YEAR =         {1991},
  volume =       {23},
  number =       { },
  pages =        {1-27},
  month =        jan,
  note =         {Tutorial Review},
}

@ARTICLE{BioSensors95Liedberg_SPR_Review,
  AUTHOR =       {Bo Liedberg and Claes Nylander and Ingemar Lundstrom},
  TITLE =        {Biosensing with surface plasmon resonance -- how it all started},
  JOURNAL =      {Biosensors and Bioelectronics},
  YEAR =         {1995},
  volume =       {10},
  number =       { },
  pages =        {i-ix},
  month =        { },
}

@ARTICLE{AJP75Jul630Simon_SP_Ag_Experi,
  AUTHOR =       {H. J. Simon and D. E. Mitchell and J. G. Watson},
  TITLE =        {Surface plasmons in silver films -- a novel undergraduate experiment},
  JOURNAL =      {American Journal of Physics},
  YEAR =         {1975},
  volume =       {43},
  number =       {7},
  pages =        {630-636},
  month =        jul,
}

@ARTICLE{ContempPhys91Sambles_SP_Intro,
  AUTHOR =       {J. R. Sambles and G. W. Bradbery and Fuzi Yang},
  TITLE =        {Optical excitation of surface plasmons: an introduction},
  JOURNAL =      {Contemporary Physics},
  YEAR =         {1991},
  volume =       {32},
  number =       {3},
  pages =        {173-183},
  month =        { },
  source =       {CISTI},
}

@ARTICLE{ARPC98Knoll_SPR,
  AUTHOR =       {Wolfgang Knoll},
  TITLE =        {Interfaces and Thin Films as Seen by Bound Electromagnetic Waves},
  JOURNAL =      {Annu. Rev. Phys. Chem.},
  YEAR =         {1998},
  volume =       {49},
  number =       { },
  pages =        {569-638},
  month =        { },
  source =       {CISTI},
}

@ARTICLE{CSA00Liebermann_Knoll_SPR,
  AUTHOR =       {Thorsten Liebermann and Wolfgang Knoll},
  TITLE =        {Surface-plasmon field-enhanced fluorescence spectroscopy},
  JOURNAL =      {Colloids and Surfaces: A},
  YEAR =         {2000},
  volume =       {171},
  number =       { },
  pages =        {115-130},
  month =        { },
  source =       {CISTI},
}

%%%%%%%%%%%%%%%%%%%%%%%
%%% SPR Instruments %%%
%%%%%%%%%%%%%%%%%%%%%%%

@ARTICLE{AnalChem99Sep3935Frutos_GWC_FTSPR,
  AUTHOR =       {Anthony G. Frutos and Stephen C. Weibel and Robert M. Corn},
  TITLE =        {Near-Infrared Surface Plasmon Resonance Measurements of Ultrathin Films.
                   2. Fourier Transform {SPR} Spectroscopy},
  JOURNAL =      {Analytical Chemistry},
  YEAR =         {1999},
  volume =       {71},
  number =       {18},
  pages =        {3935-3940},
  month =        sep,
}

@ARTICLE{AnalChem00Apr289A_SPR_Equip,
  AUTHOR =       {Elizabeth Zubritsky},
  TITLE =        {New choices for {SPR}},
  JOURNAL =      {Analytical Chemistry},
  YEAR =         {2000},
  volume =       {72},
  number =       {7},
  pages =        {289A-292A},
  month =        apr,
  source =       {CISTI},
}

@ARTICLE{AnalChem05Aug313A_SPR_Equip,
  AUTHOR =       {Rajendrani Mukhopadhyay},
  TITLE =        {Surface plasmon resonance instruments diversify},
  JOURNAL =      {Analytical Chemistry},
  YEAR =         {2005},
  volume =       {77},
  number =       {15},
  pages =        {313A-317A},
  month =        aug,
  source =       {CISTI},
}

@ARTICLE{JPC02R597Kneipp_SERS_Biophys,
  AUTHOR =       {Katrin Kneipp and Harald Kneipp and Irving Itzkan
                  and Ramachandra R. Dasari and Michael S. Feld},
  TITLE =        {Surface-enhanced Raman Scattering and Biophysics},
  JOURNAL =      {J. Phys.: Condens. Matter},
  YEAR =         {2002},
  volume =       {14},
  number =       { },
  pages =        {R597-R624},
  month =        { },
}

%%%%%%%%%%%%%%%%%%%%%%%
%%%% SPR Research %%%%%
%%%%%%%%%%%%%%%%%%%%%%%

@ARTICLE{JPCB04p12073Gryczynski_SPR,
  AUTHOR =       {Ignacy Gryczynski and Joanna Malicka and Kazimierz Nowaczyk
                  and Zygmunt Gryczynski and Joseph R. Lakowicz},
  TITLE =        {Effects of Sample Thickness on the Optical Properties of
                  Surface Plasmon-Coupled Emission},
  JOURNAL =      {J. Phys. Chem. B},
  YEAR =         {2004},
  volume =       {108},
  number =       { },
  pages =        {12073-12083},
  month =        { },
}

@ARTICLE{IJCTA04Csurgay_SP_Nano_Circ,
  AUTHOR =       {Arpad I. Csurgay and Wolfgang Porod},
  TITLE =        {Surface plasmon waves in nanoelectronic circuits},
  JOURNAL =      {Int. J. Circ. Theor. Appl.},
  YEAR =         {2004},
  volume =       {32},
  number =       { },
  pages =        {339-361},
  month =        { },
}

@ARTICLE{Current1995BioSensor,
  AUTHOR =       { },
  TITLE =        {Current awareness in biosensors and bioelectronics},
  JOURNAL =      {Biosensors and Bioelectronics},
  YEAR =         {1995},
  volume =       {10},
  number =       {9/10},
  pages =        {xxiii-xxxii},
}

@ARTICLE{JOSA81Feb189ChenWP_SPR,
  AUTHOR =       {W. P. Chen and J. M. Chen},
  TITLE =        {Use of surface plasma waves for determination of the thickness
                  and optical constants of thin metallic films},
  JOURNAL =      {J. Opt. Soc. Am.},
  YEAR =         {1981},
  volume =       {71},
  number =       {2},
  pages =        {189-191},
  month =        feb,
}

@ARTICLE{AO99Oct6029LeeCC_SPR_Roughness,
  AUTHOR =       {Cheng-Chung Lee and Yi-Jun Jen},
  TITLE =        {Influence of surface roughness on the calculation of optical constants
                  of a metallic film by attenuated total reflection},
  JOURNAL =      {Applied Optics},
  YEAR =         {1999},
  volume =       {38},
  number =       {28},
  pages =        {6029-6033},
  month =        oct,
}

@ARTICLE{AO07Mar1575Iwata_SPR_k_ellipsometry,
  AUTHOR =       {Tetsuo Iwata and Shogo Maeda},
  TITLE =        {Simulation of an absorption-based surface-plasmon resonance sensor by means of ellipsometry},
  JOURNAL =      {Applied Optics},
  YEAR =         {2007},
  volume =       {46},
  number =       {9},
  pages =        {1575-1582},
  month =        mar,
}

@ARTICLE{NanoTech06v17p124Sharma_SPR_Ag-Au_fiber,
  AUTHOR =       {Anuj K Sharma and B D Gupta},
  TITLE =        {Metalsemiconductor nanocomposite layer based optical fibre surface plasmon resonance sensor},
  JOURNAL =      {Nanotechnology},
  YEAR =         {2006},
  volume =       {17},
  number =       { },
  pages =        {124-131},
  month =        { },
}

@ARTICLE{SNB07Mar381Gupta_SPR_np,
  AUTHOR =       {Gaurav Gupta and Jun Kondoh},
  TITLE =        {Tuning and sensitivity enhancement of surface plasmon resonance sensor},
  JOURNAL =      {Sensors and Actuators B},
  YEAR =         {2007},
  volume =       {122},
  number =       { },
  pages =        {381-388},
  month =        mar,
}

%%%%%%%%%%%%%%%%%%%%%%%
%% SPR Lin CW (NTU) %%%
%%%%%%%%%%%%%%%%%%%%%%%
@ARTICLE{OQE05Dec1423LinCW_BioSPR,
  AUTHOR =       {Chii-Wann Lin and Kuo-Ping Chen and Ming-Chii Su and Chih-Kung Lee and Chih-Chung Yang},
  TITLE =        {Bio-plasmonics: Nano$/$Micro structure of
                  surface plasmon resonance devices for biomedicine},
  JOURNAL =      {Optical and Quantum Electronics},
  YEAR =         {2005},
  volume =       {37},
  number =       { },
  pages =        {1423-1437},
  month =        dec,
}

@ARTICLE{SNB06v113p169LinCW_Loci_SPR,
  AUTHOR =       {Chii-Wann Lin and Kuo-Ping Chen and Chien-Nan Hsiao and Shiming Lin and Chih-Kung Lee},
  TITLE =        {Design and Fabrication of an alternating dielectric
                  multi-layer device for surface plasmon resonance sensor},
  JOURNAL =      {Sensors and Actuators B: Chemical},
  YEAR =         {2006},
  volume =       {113},
  number =       { },
  pages =        {169-176},
  month =        { },
}

@ARTICLE{SNB06v117p219LinCW_Loci_SPR,
  AUTHOR =       {Chii-Wann Lin and Kuo-Ping Chen and Ming-Chii Su and Tze-Chien Hsiao
                  and Sue-Cheng Lee and Shiming Lin and Xue-Jing Shi and Chih-Kung Lee},
  TITLE =        {Admittance loci design method for multilayer surface plasmon resonance devices},
  JOURNAL =      {Sensors and Actuators B: Chemical},
  YEAR =         {2006},
  volume =       {117},
  number =       { },
  pages =        {219-229},
  month =        { },
}

@ARTICLE{MOTL06May955ChuYS_SPR_SoS,
  AUTHOR =       {Yi-Shin Chu and Wen-Hao Hsu and Chii-Wann Lin and Way-Seen Wang},
  TITLE =        {surface plasmon resonance sensors using silica-on-silicon optical waveguides},
  JOURNAL =      {Microwave and Optical Technology Letters},
  YEAR =         {2006},
  volume =       {48},
  number =       {5},
  pages =        {955-957},
  month =        may,
}

@INPROCEEDINGS{APBP04Dec209LinCW_SPR,
  AUTHOR =       {Chii-Wann Lin and Kuo-Ping Chen and Hao-Lan Lee and Chih-Chung Yang and Chih-Kung Lee},
  TITLE =        {Nano$/$Micro Structure of Surface Plasmon Resonance devices for Biomedicine},
  BOOKTITLE =    {The Second Asian and Pacific Rim Symposium on Biophotonics (APBP 2004)},
  YEAR =         {2004},
  pages =        {209-210},
  address =      {National Taiwan University, Taipei, Taiwan},
  month =        dec # { 14-17,},
  organization = { },
  publisher =    { },
  note =         {{Paper THPll-(T8)}},
}

%%%%%%%%%%%%%%%%%%%%%%%
%% (Bio-)Plasmonics %%%
%%%%%%%%%%%%%%%%%%%%%%%
@ARTICLE{Plasmonics06Apr1Geddes,
  AUTHOR =       {Chris D. Geddes and Joseph R. Lakowicz},
  TITLE =        {Plasmonics -- A Vision for the Future},
  JOURNAL =      {Plasmonics},
  YEAR =         {2006},
  volume =       {1},
  number =       {1},
  pages =        {1-2},
  month =        apr,
}

@ARTICLE{Plasmonics06Apr3Fritzsche,
  AUTHOR =       {Wolfgang Fritzsche},
  TITLE =        {Molecular Plasmonics},
  JOURNAL =      {Plasmonics},
  YEAR =         {2006},
  volume =       {1},
  number =       {1},
  pages =        {3},
  month =        apr,
}

@ARTICLE{Science04Nov985Duyne_Molecular,
  AUTHOR =       {Richard P. {Van Duyne}},
  TITLE =        {Molecular Plasmonics},
  JOURNAL =      {Science},
  YEAR =         {2004},
  volume =       {306},
  number =       {5},
  pages =        {985-986},
  month =        nov,
}

@ARTICLE{AdvMat01Oct1501Maier_Plasmonics,
  AUTHOR =       {Stefan A. Maier and Mark L. Brongersma and Pieter G. Kik
                  and Sheffer Meltzer and Ari A. G. Requicha and Harry A. Atwater},
  TITLE =        {Plasmonics -- A Route to Nanoscale Optical Devices},
  JOURNAL =      {Advanced Materials},
  YEAR =         {2001},
  volume =       {13},
  number =       {9},
  pages =        {1501-1505},
  month =        oct,
}

@ARTICLE{MatToday05Jan56Polman_Plasmonics,
  AUTHOR =       {Albert Polman and Harry A. Atwater},
  TITLE =        {Plasmonics: optics at the nanoscale},
  JOURNAL =      {Materials Today},
  YEAR =         {2005},
  volume =       { },
  number =       { },
  pages =        {56},
  month =        jan,
}

@ARTICLE{MatToday06Jul20Zia_Plasmonics_Chip,
  AUTHOR =       {Rashid Zia and Jon A. Schuller and Anu Chandran and Mark L. Brongersma},
  TITLE =        {Plasmonics: the next chip-scale technology},
  JOURNAL =      {Materials Today},
  YEAR =         {2006},
  volume =       {9},
  number =       {7-8},
  pages =        {20-26},
  month =        jul,
}

%%%%%%%%%%%%%%%%%%%%%%%
%% Effective Medium Thoery %%
%%%%%%%%%%%%%%%%%%%%%%%
@ARTICLE{Garnett1904_EMT,
  AUTHOR =       {J. C. {Maxwell~Garnett}},
  TITLE =        {Colours in Metal Glasses and in Metallic Films},
  JOURNAL =      {Philosophical Transactions of the Royal Society of London: Series A.},
  YEAR =         {1904},
  volume =       {203},
  number =       { },
  pages =        {385-420},
  month =        { },
}

@ARTICLE{Garnett1906_EMT,
  AUTHOR =       {J. C. {Maxwell~Garnett}},
  TITLE =        {Colours in Metal Glasses, in Metallic Films, and in Metallic Solutions. -- {II}},
  JOURNAL =      {Philosophical Transactions of the Royal Society of London: Series A.},
  YEAR =         {1906},
  volume =       {205},
  number =       { },
  pages =        {237-288},
  month =        { },
}

@ARTICLE{AO81Jan26Niklasson_EMT,
  AUTHOR =       {G. A. Niklasson and C. G. Granqvist and O. Hunderi},
  TITLE =        {Effective medium models for the optical properties of inhomogeneous materials},
  JOURNAL =      {Applied Optics},
  YEAR =         {1981},
  volume =       {20},
  number =       {1},
  pages =        {26-30},
  month =        jan,
}

%%%%%%%%%%%%%%%%%%%%%%%
%%%% SPR Materials %%%%
%%%%%%%%%%%%%%%%%%%%%%%
@BOOK{Palik1998_hb_Optical,
  editor =       {Edward D. Palik},
  TITLE =        {Handbook of Optical Constants of Solids},
  PUBLISHER =    {Academic Press},
  YEAR =         {1998},
}

@ARTICLE{JPF87p277Innes_Au_SPR,
  AUTHOR =       {R. A. Innes and J. R. Sambles},
  TITLE =        {Optical characterisation of gold using surface plasmon-polaritons},
  JOURNAL =      {J. Phys. F: Met. Phys.},
  YEAR =         {1987},
  volume =       {17},
  number =       { },
  pages =        {277-287},
  month =        { },
}

@ARTICLE{AO83Apr1099Ordal,
  AUTHOR =       {M. A. Ordal and L. L. Long and R. J. Bell and S. E. Bell
                  and R. R. Bell and R. W. {Alexander Jr.} and C. A. Ward},
  TITLE =        {Optical properties of the metals
                  {Al, Co, Cu, Au, Fe, Pb, Ni, Pd, Pt, Ag, Ti, and W} in the infrared and far infrared},
  JOURNAL =      {Applied Optics},
  YEAR =         {1983},
  volume =       {22},
  number =       {7},
  pages =        {1099-1119},
  month =        apr,
  abstract =     {AO83Apr1099Ordal_Optical_Al_Co_Cu_Au_Fe_Pb_Ni_Pd_Pt_Ag_Ti_W.pdf},
}

@ARTICLE{JOSA54May357Schulz_k_Ag_Au_Cu_Al,
  AUTHOR =       {L. G. Schulz},
  TITLE =        {The Optical Constants of Silver, Gold, Copper, and Aluminum.
                  {I}. The Absorption Coefficient k},
  JOURNAL =      {J. Opt. Soc. Am.},
  YEAR =         {1954},
  volume =       {44},
  number =       {5},
  pages =        {357-362},
  month =        may,
}

@ARTICLE{JOSA54May362Schulz_n_Ag_Au_Cu_Al,
  AUTHOR =       {L. G. Schulz},
  TITLE =        {The Optical Constants of Silver, Gold, Copper, and Aluminum.
                  {II}. The Index of Refraction n},
  JOURNAL =      {J. Opt. Soc. Am.},
  YEAR =         {1954},
  volume =       {44},
  number =       {5},
  pages =        {362-368},
  month =        may,
}

@ARTICLE{JOSA54Jul540Schulz_IR_Ag_Au_Cu_Al,
  AUTHOR =       {L. G. Schulz},
  TITLE =        {An Experimental Confirmation of the Drude Free Electron Theory of the Optical
                  Properties of Metals for Silver, Gold, and Copper in the Near Infrared},
  JOURNAL =      {J. Opt. Soc. Am.},
  YEAR =         {1954},
  volume =       {44},
  number =       {7},
  pages =        {540-545},
  month =        jul,
}

@ARTICLE{JOA07Feb180Sharma_SPR_Composite,
  AUTHOR =       {A. K. Sharma and B. D. Gupta},
  TITLE =        {Metal-semiconductor nanocomposite layer based optical fibre surface plasmon resonance sensor},
  JOURNAL =      {J. Opt. A: Pure Appl. Opt.},
  YEAR =         {2007},
  volume =       {9},
  number =       { },
  pages =        {180185},
  month =        feb,
}

@ARTICLE{SurfCoat03Apr113Zhang_NanoComp_Review,
  AUTHOR =       {Sam Zhang and Deen Sun and Yongqing Fu and Hejun Du},
  TITLE =        {Recent advances of superhard nanocomposite coatings: a review},
  JOURNAL =      {Surface and Coatings Technology},
  YEAR =         {2003},
  volume =       {167},
  number =       {2},
  pages =        {113-119},
  month =        apr,
}

@ARTICLE{JPCB01p3441Ung_SPR_AuSiO2,
  AUTHOR =       {Thearith Ung and Luis M. Liz-Marzan and Paul Mulvaney},
  TITLE =        {Optical Properties of Thin Films of {Au@SiO2} Particles},
  JOURNAL =      {J. Phys. Chem. B},
  YEAR =         {2001},
  volume =       {105},
  number =       { },
  pages =        {3441-3452},
}

@MISC{SPR_Marquart_url,
  author =       { },
  title =        { },
  howpublished = {http://home.hccnet.nl/ja.marquart/BasicSPR/BasicSpr01.htm},
  year =         { },
  month =        { },
  note =         {},
  abstract =     { },
  keywords =     { },
  source =       { },
}

%%%%%%%%%%%%%%%%%%%%%%%
%%% PLD & Nanofab %%%%%
%%%%%%%%%%%%%%%%%%%%%%%
@ARTICLE{TSF05Jan49Irissou_PLD_Au_O2,
  AUTHOR =       {Eric Irissou and Marie-Chantal Denis and Mohammed Chaker and Daniel Guay},
  TITLE =        {Gold oxide thin film grown by pulsed laser deposition in an $\mathrm{O_2}$ atmosphere},
  JOURNAL =      {Thin Solid Films},
  YEAR =         {2005},
  volume =       {472},
  number =       { },
  pages =        {49-57},
  month =        { },
}

@ARTICLE{TSF97Dec119Zenkevitch_PLD_Au_NaCl,
  AUTHOR =       {A. Zenkevitch and J. Chevallier and I. Khabelashvili},
  TITLE =        {Nucleation and growth of pulsed laser deposited gold on sodium chloride (100)},
  JOURNAL =      {Thin Solid Films},
  YEAR =         {1997},
  volume =       {311},
  number =       { },
  pages =        {119123},
  month =        { },
}

@ARTICLE{AO99Dec7112Hussain_WO3_Ellipsometric,
  AUTHOR =       {Zahid Hussain},
  TITLE =        {Vacuum temperature-dependent ellipsometric studies on $\mathrm{WO_3}$ thin films},
  JOURNAL =      {Applied Optics},
  YEAR =         {1999},
  volume =       {38},
  number =       {34},
  pages =        {7112-7127},
  month =        dec,
}

@ARTICLE{JapJAP06v45p7512Park_SPR_AuPbZrTi,
  AUTHOR =       {Jae-Hyuk Park and Jun Akedo and Masafumi Nakada},
  TITLE =        {Surface Plasmon Resonance in Novel Nanocomposite Gold$/$Lead Zirconate Titanate Films Prepared by Aerosol Deposition Method},
  JOURNAL =      {Japanese Journal of Applied Physics},
  YEAR =         {2006},
  volume =       {45},
  number =       {9B},
  pages =        {7512-7515},
  month =        { },
}

@ARTICLE{ChemLett00p1112Masuda_NanoComp_Au_Diamond,
  AUTHOR =       {Hideki Masuda and Kenji Yasui and Mitsuo Watanabe and Kazuyuki Nishio and Tala N. Rao and Akira Fujishima},
  TITLE =        {Fabrication of Ordered Diamond$/$metal Nanocomposite Structures},
  JOURNAL =      {Chemistry Letters},
  YEAR =         {2000},
  volume =       {29},
  number =       {10},
  pages =        {1112-1113},
  month =        { },
}

%%%%%%%%%%%%%%%%%%%%%%%
%%%%% Gas Sensor %%%%%%
%%%%%%%%%%%%%%%%%%%%%%%
@ARTICLE{SNB06Jan241Stankova_rf_WO3_gas,
  AUTHOR =       {M. Stankova and X. Vilanova and J. Calderer and E. Llobet and J. Brezmes
                  and I. Gr\`{a}cia and C. Can\'{e} and X. Correig},
  TITLE =        {Sensitivity and selectivity improvement of rf sputtered $\mathrm{WO_3}$ microhotplate gas sensors},
  JOURNAL =      {Sensors and Actuators B},
  YEAR =         {2006},
  volume =       {113},
  number =       { },
  pages =        {241-248},
  month =        { },
}

@ARTICLE{SNB01Dec241Penza_Gas_WO3,
  AUTHOR =       {M. Penza and G. Cassano and F. Tortorella},
  TITLE =        {Gas recognition by activated $\mathrm{WO_3}$ thin-film sensors array},
  JOURNAL =      {Sensors and Actuators B},
  YEAR =         {2001},
  volume =       {81},
  number =       { },
  pages =        {115-121},
  month =        { },
}

@ARTICLE{JPhysIV05v129p131Maciak_SPR_WO3_NH3,
  AUTHOR =       {E. Maciak and Z. Opilski and T. Pustelny and M. Bednorz},
  TITLE =        {An optical detection $\mathrm{NH_3}$ gas by means of a-$\mathrm{WO_3}$ thin films based on {SPR} technique},
  JOURNAL =      {J. Phys. IV France},
  YEAR =         {2005},
  volume =       {129},
  number =       { },
  pages =        {131-136},
  month =        { },
}

@ARTICLE{SensorActuator82v3p79Nylander_Gas_SPR,
  AUTHOR =       {Claes Nylander and Bo Liedberg and Tommy Lind},
  TITLE =        {Gas Detection by Means of Surface Plasmon Resonance},
  JOURNAL =      {Sensors and Actuators},
  YEAR =         {1982/83},
  volume =       {3},
  number =       { },
  pages =        {79-88},
}

@ARTICLE{SensorActuator82v3p79Nylander_Gas_SPR,
  AUTHOR =       {Claes Nylander and Bo Liedberg and Tommy Lind},
  TITLE =        {Gas Detection by Means of Surface Plasmon Resonance},
  JOURNAL =      {Sensors and Actuators},
  YEAR =         {1982/83},
  volume =       {3},
  number =       { },
  pages =        {79-88},
}

@ARTICLE{KeyEngMat96v115p181Patel_Ceramic_Gas_Sensor,
  AUTHOR =       {K. S. Patel and H. T. Sun},
  TITLE =        {Ceramic Semiconductors for Gas Detection},
  JOURNAL =      {Key Engineering Materials},
  YEAR =         {1996},
  volume =       {115},
  number =       { },
  pages =        {181-190},
  month =        { },
}

@ARTICLE{SensorLett05v3p216Dolbec_PLD_Pt_Au_SnO2_Sensor,
  AUTHOR =       {R. Dolbec and M. A. {El Khakani}},
  TITLE =        {Pulsed Laser Deposited Platinum and Gold Nanoparticles as Catalysts
                  for Enhancing the {CO} Sensitivity of Nanostructured {SnO2} Sensors},
  JOURNAL =      {Sensor Letters},
  YEAR =         {2005},
  volume =       {3},
  number =       {3},
  pages =        {216-221},
  month =        { },
}

%%%%%%%%%%%%%%%%%%%%%%%
%% SPR Sensor Patents%%
%%%%%%%%%%%%%%%%%%%%%%%
@MISC{PatUS94Ivarsson_SPR_BioSensor,
  author =       {Bengt Ivarsson and J\"{o}nsson Ulf and Stefan Sj\"{o}lander
                  and Ralph St{\aa}hlberg and Hakan Sj\"{o}din},
  title =        {Optical Biosensor System},
  howpublished = {United States Patent 5313264},
  year =         {1994},
  month =        may # { 17,},
}

@MISC{PatUS94Sadowski_SPR_Pd,
  author =       {Janusz W. Sadowski},
  title =        {Method for Carrying out Surface Plasmon Resonance
                  Measurement and Sensor for Use in the Method},
  howpublished = {United States Patent 5322798},
  year =         {1994},
  month =        jun # { 21,},
}

@MISC{PatUS96Peacock_SPR_Sensor,
  author =       {Stanley J. Peacock and Henry C. Jaggers and John S. Shaw},
  title =        {Optical Sensor},
  howpublished = {United States Patent 5508809},
  year =         {1996},
  month =        apr # { 16,},
}

@MISC{PatUS97Sambles_SPR_p_s,
  author =       {John R. Sambles and Guy P. Bryan-Brown},
  title =        {Optical Sensor for Orthogonal Radiation Modes},
  howpublished = {United States Patent 5598267},
  year =         {1997},
  month =        jan # { 28,},
}

@MISC{PatUS98Johnston_SPR_Light_Pipe,
  author =       {Kyle Johnston and Sinclair S. Yee},
  title =        {Surface Plasmon Resonace Light Pipe Sensing Probe
                  and Related Interface Optics},
  howpublished = {United States Patent 5815278},
  year =         {1998},
  month =        sep # { 29,},
}

@MISC{PatUS98Yee_SPR_Light_Pipe,
  author =       {Sinclair S. Yee and Kyle Johnston and Shuai Shen},
  title =        {Optical Lightpipe Sensor based on Surface Plasmon Resonace},
  howpublished = {United States Patent 5822073},
  year =         {1998},
  month =        oct # { 13,},
}

@MISC{PatUS99Karlson_SPR_Light_Pipe,
  author =       {Scott Karlson and Sinclair S. Yee and Kyle Johnston and Ralph Jorgenson},
  title =        {Surface Plasmon Resonace Light Pipe Sensor},
  howpublished = {United States Patent 5991048},
  year =         {1999},
  month =        nov # { 23,},
}

@MISC{PatAppUS01Kawabata_SPR_VCSEL,
  author =       {Yuji Kawabata and Hajime Sakata and Masanori Sakuranaga
                  and Tsuyoshi Nomoto and Tadashi Okamoto},
  title =        {Surface Plasmon Resonance Sensor Apparatus Using Surface Emitting Laser},
  howpublished = {United States Patent Application Publication US20010040679A1},
  year =         {2001},
  month =        nov # { 15,},
}

@MISC{PatAppUS01Kawabata_SPR_VCSEL,
  author =       {Yuji Kawabata and Hajime Sakata and Masanori Sakuranaga
                  and Tsuyoshi Nomoto and Tadashi Okamoto},
  title =        {Surface Plasmon Resonance Sensor Apparatus Using Surface Emitting Laser},
  howpublished = {United States Patent Application Publication US20010040679A1},
  year =         {2001},
  month =        nov # { 15,},
}

@MISC{PatUS02Kawabata_SPR_VCSEL,
  author =       {Yuji Kawabata and Tadashi Okamoto and Hajime Sakata
                  and Masanori Sakuranaga and Tsuyoshi Nomoto},
  title =        {Surface Plasmon Resonance Sensor Apparatus Using Surface Emitting Laser},
  howpublished = {United States Patent US6424418B2},
  year =         {2002},
  month =        jul # { 23,},
}

@MISC{PatAppUS02Pipino_Chem_Sensor,
  author =       {Andrew C. R. Pipino},
  title =        {Sensitive and selective chemical sensor with nanostructured surfaces},
  howpublished = {United States Patent Application Publication US20020122179A1},
  year =         {2002},
  month =        sep # { 5,},
  abstract =     {A chemical sensor is provided which includes an optical resonator
                  including a nanostructured surface comprising a plurality of nanoparticles
                  bound to one or more surfaces of the resonator.}
}

@MISC{PatUS03Pipino_Chem_Sensor,
  author =       {Andrew C. R. Pipino},
  title =        {Sensitive and selective chemical sensor with nanostructured surfaces},
  howpublished = {United States Patent US6515749B2},
  year =         {2003},
  month =        feb # { 4,},
  abstract =     {A chemical sensor is provided which includes an optical resonator
                  including a nanostructured surface comprising a plurality of nanoparticles
                  bound to one or more surfaces of the resonator.}
}

@MISC{PatAppEUR05Kataoka_SPR_Bio_Au_particle,
  author =       {Kazunori Kataoka and Yukio Nagasaki and Hidenori Otsuka and Katsumi Uchida
                  and Takehiko Ishii and Yuko Suzuki and Yoshitsugu Akiyama and Seiji Takae},
  title =        {Biochip Sensor Surface Carrying Polyethylene Glycolated Nanoparticles},
  howpublished = {European Patent Application EP1496363A1},
  year =         {2005},
  month =        jan # { 12,},
}

@MISC{PatAppUS05Kataoka_SPR_Bio_Au_particle,
  author =       {Kazunori Kataoka and Hidenori Otsuka and Katsumi Uchida and Yukio Nagasaki
                  and Yoshitsugu Akiyama and Seiji Takae and Takehiko Ishii and Yuko Suzuki},
  title =        {Biochip Sensor Surface Carrying Polyethylene Glycolated Nanoparticles},
  howpublished = {United States Patent Application Publication US20050106570A1},
  year =         {2005},
  month =        may # { 19,},
}

@MISC{PatAppUS03Baker_SPR_Bio_Au_Particle,
  author =       {Bonnie E. Baker and Michael J. Natan},
  title =        {Self-assembled metal colloid monolayers},
  howpublished = {United States Patent Application Publication US20030157732A1 and US20030219822A1},
  year =         {2003},
  month =        aug # { 21,},
  abstract =     {A biosensor based on complexes between biomolecule receptors and colloidal Au nanoparticles,
                  and more specifically, colloid layers of receptor Au complexes that can be used to
                  detect biomolecule analytes through measuring of binding-induced changes in
                  electrical resistance or surface plasmon resonance.},
}

@MISC{PatUS01Natan_SPR_Bio_Au_Particle,
  author =       {Michael J. Natan and Bonnie E. Baker},
  title =        {Self-assembled metal colloid monolayers having size and density gradients},
  howpublished = {United States Patent US6242264},
  year =         {2001},
  month =        jun # { 5,},
  abstract =     {},
}

@MISC{PatUS00Natan_SPR_Bio_Au_Particle,
  author =       {Michael J. Natan},
  title =        {Self-assembled metal colloid monolayers and detection methods therewith},
  howpublished = {United States Patent US6025202},
  year =         {2000},
  month =        feb # { 5,},
  abstract =     {},
}

@MISC{PatAppUS03Nakamura_SPR,
  author =       {Runa Nakamura and Hitoshi Muguruma and Isao Karube
                  and Ryohei Nagata and Hiroyuki Nakamura},
  title =        {Measuring chip for surface plasmon resonance biosensor and method for producing the same},
  howpublished = {United States Patent Application Publication US20030224441A1},
  year =         {2003},
  month =        dec # { 4,},
}

@MISC{PatAppEUR04Nakamura_SPR,
  author =       {Runa Nakamura and Ryohei Nagata and Hiroyuki Nakamura and Isao Karube
                  and Hitoshi Muguruma},
  title =        {Biosensitive element for surface plasmon resonance measurements, and its method of manufacture},
  howpublished = {European Patent Application EP00945721B1},
  year =         {2004},
  month =        nov # { 17,},
}

@MISC{PatAppUS03Quinn_SPR_Linker,
  author =       {John G. Quinn and Jerry Elkind},
  title =        {Self-assembled metal colloid monolayers},
  howpublished = {United States Patent Application Publication US20030219753A1},
  year =         {2003},
  month =        dec # { 27,},
  abstract =     {Surface plasmon resonance (SPR) sensor biointerface with a rigid thiol
                 linker layer and interaction layer ligand loading with reversible collapse
                 and iron oxide nanoparticle sensor response amplification.},
}

@MISC{PatAppUS04Malak_SPR_Multiband,
  author =       {Henryk Malak and Valery Bogdanov},
  title =        {Optochemical sensing with multi-band fluorescence enhanced by surface plasmon resonance},
  howpublished = {United States Patent Application Publication US20040157237A1},
  year =         {2004},
  month =        aug # { 12,},
  abstract =     {This invention relates to methods and compositions of an optochemical absorption
                  and fluorescence sensing of materials for molecular identification and measuring
                  the concentration of one or more analytes in the sample. The methods and compositions
                  of an enhanced absorption and fluorescence multibands of a molecule by
                  surface plasmon resonance of metal nanoparticles are described.},
}

@MISC{PatAppUS05Malak_SPR_Imaging,
  author =       {Henryk Malak},
  title =        {Method and spectral$/$imaging device for optochemical sensing with plasmon-modified polarization},
  howpublished = {United States Patent Application Publication US20050186565A1},
  year =         {2005},
  month =        aug # { 25,},
  abstract =     { },
}

@MISC{PatAppUS06Kalkan_Nanoparticle,
  author =       {Ali Kaan Kalkan and Stephen J. Fonash},
  title =        {Nanoparticle coated nanostructured surfaces for detection, catalysis and device applications},
  howpublished = {United States Patent Application Publication US20060141268A1},
  year =         {2006},
  month =        jun # { 29,},
  abstract =     { },
}

@MISC{PatAppUS06Mirkarimi_Inorganic,
  author =       {Laura Mirkarimi},
  title =        {Inorganic coatings for optical and other applications},
  howpublished = {United States Patent Application Publication US20060210425A1},
  year =         {2006},
  month =        sep # { 21,},
}


@MISC{PatAppUS06Chen_SPR_Nanoparticle,
  author =       {Shean-Jen Chen and Kuan-Ching Lee and Fan-Ching Chien and Wen-Hsien Li
                  and W. P. Hu and Chun-Yu Lin and K. T. Huang and Wen-Yih Chen},
  title =        {Surface plasmon resonance sensor with high sensitivity},
  howpublished = {United States Patent Application Publication US20060197952A1},
  year =         {2006},
  month =        sep # { 27,},
  abstract =     {A high-sensitivity SPR (surface plasmon resonance) sensor includes
                  at least a prism having a first surface on which a metallic layer
                  and a metallic nanoparticle layer are sequentially formed.},
}
